,amount,amountBase,buyer,date,price,seller,side,tokenAddr,txHash
0,763.4333565945569,0.3626308443824145,0x23c07f4f81bb69d30073db1d6e0949e4e9c3bb0f,2017-11-02T13:50:13.000Z,0.000475,0xd68bce0baccf8757a3918a15c0051192c7ebe8f6,sell,0x07e3c70653548b04f0a75970c1f81b4cbbfb606f,0x94f3ad623cd2baac940d9519d3ed6315f7abbf31a8fbdcb1e3b1815d2233d690
1,3.99,0.0019998279,0x1fdf047bf7a114b37e7936d01e9cad754ad18803,2017-11-02T12:50:41.000Z,0.00050121,0x708f41828ce90041f695ce100958c6d5a5ae82fc,sell,0x07e3c70653548b04f0a75970c1f81b4cbbfb606f,0x8111537746d4e37930a363b45ea05c8e6efbcf790251c445d12f121e7cc08311
2,0.9823182711198428,0.0005,0x4fda9e6bcd83af6c5cc771b5d20accc2b7720074,2017-11-02T09:45:12.000Z,0.000509,0xfbf7dc0756a9768d0c71aea5f8421f3b1eaee7d1,buy,0x07e3c70653548b04f0a75970c1f81b4cbbfb606f,0x64adaaf99b8117d5600772b71d251186dfd2a261e6a84229cbb48e029613e11e
3,0.9823182711198428,0.0005,0x3075f7f189912f4f425dd7021b9c396434197477,2017-11-02T09:34:42.000Z,0.000509,0xfbf7dc0756a9768d0c71aea5f8421f3b1eaee7d1,buy,0x07e3c70653548b04f0a75970c1f81b4cbbfb606f,0xb9b8497b947d82bf40fbd8c8c260782a84c0bf6ede17ed1ed33e606b63260fa0
4,0.5961519290200379,0.000277806798923337,0xfbf7dc0756a9768d0c71aea5f8421f3b1eaee7d1,2017-11-02T08:37:18.000Z,0.0004659999999999989,0x0fe614ffea49095e98e6cb5cbd589f5455bf0f02,sell,0x07e3c70653548b04f0a75970c1f81b4cbbfb606f,0xb0f9895fde708eed99d044bd2daddb4c57537eff352e113f9a5d4662a5a5143f
5,114.64460173462267,0.05342438440833416,0xfbf7dc0756a9768d0c71aea5f8421f3b1eaee7d1,2017-11-02T08:16:27.000Z,0.000466,0xe4f0105abaea9b46782075c3e9c2636176178e01,sell,0x07e3c70653548b04f0a75970c1f81b4cbbfb606f,0x1f9e9feef41ddff6037e1ea68af62deca25e74989f65fda2e60a6beae77ea404
6,309.0419698933307,0.14370451600039877,0x23c07f4f81bb69d30073db1d6e0949e4e9c3bb0f,2017-11-02T06:49:20.000Z,0.00046499999999999997,0x48fbcd55bf3634167c126654fb3616950b35206d,sell,0x07e3c70653548b04f0a75970c1f81b4cbbfb606f,0x1e985a345eaf3d403403062cbc04d77bd18d7c2062cf969ce57d4153af338531
7,940.4394979889105,0.4373043665648434,0x23c07f4f81bb69d30073db1d6e0949e4e9c3bb0f,2017-11-02T05:40:14.000Z,0.00046499999999999997,0x3a976fef9e8613b11f92dc9586e953d044b6bf52,sell,0x07e3c70653548b04f0a75970c1f81b4cbbfb606f,0x0dd5aac95f0bebaff32c3835aa4b0e753861245af5d17ab0925efdcc5c9c9d17
8,5400,2.7,0x0644c1a6d61e0994c73c86febdf64ec8432b1013,2017-11-02T05:38:02.000Z,0.0005,0x799dc3c7c4a3c6118f0601a3b945db4b09ba41b7,buy,0x07e3c70653548b04f0a75970c1f81b4cbbfb606f,0xf59a0a91dd5c42a753274c298c82575a2b003b8853b0dda281d7a2fde723c50c
9,2700,1.35,0xdb95ffc525554da455565b6f68c2c3b0b74e8a16,2017-11-02T04:51:20.000Z,0.0005,0x799dc3c7c4a3c6118f0601a3b945db4b09ba41b7,buy,0x07e3c70653548b04f0a75970c1f81b4cbbfb606f,0xf54da9003262614c806211712ded4cc5f58d21c364b5c32de3485b0ff4d3e77a
10,320,0.15968,0xdb95ffc525554da455565b6f68c2c3b0b74e8a16,2017-11-02T04:50:38.000Z,0.000499,0xfbf7dc0756a9768d0c71aea5f8421f3b1eaee7d1,buy,0x07e3c70653548b04f0a75970c1f81b4cbbfb606f,0xed174ab5bd5e4cf2d95b14acbb8095afe9b0fd718bfdea2f288e0a45890d8a12
11,220.62306848768816,0.10192785764131193,0xfbf7dc0756a9768d0c71aea5f8421f3b1eaee7d1,2017-11-02T01:36:54.000Z,0.000462,0x99848644888f647a6bab7b165d52eb80f390781c,sell,0x07e3c70653548b04f0a75970c1f81b4cbbfb606f,0x3ef8d4df9ac9a377b121b3ce71a4b2fe1ec403a68727ac66d2b9f295aee3f7af
12,100,0.0462,0xfbf7dc0756a9768d0c71aea5f8421f3b1eaee7d1,2017-11-02T01:04:54.000Z,0.000462,0x36912dc4a9c10fd5ca8581514d8fcfe2fee144ba,buy,0x07e3c70653548b04f0a75970c1f81b4cbbfb606f,0x8f791887f031fe9c8ba8bae67a9bdaff749b5d33ef96b9f1cd9ab020017c23ab
13,275,0.126775,0x1eaa18a0e964d346f2b5182be3f97d7aab5145b9,2017-11-01T23:31:58.000Z,0.000461,0x175375ec16f68e3b324896fb0e97878a7a16f221,sell,0x07e3c70653548b04f0a75970c1f81b4cbbfb606f,0xc904af7a67fe89434513a1a1e4d7711be6bd466c98d771fa00b389ed24150cd0
14,9.15286867609728,0.004587509309146716,0x1fdf047bf7a114b37e7936d01e9cad754ad18803,2017-11-01T23:28:12.000Z,0.0005012099999999999,0x175375ec16f68e3b324896fb0e97878a7a16f221,sell,0x07e3c70653548b04f0a75970c1f81b4cbbfb606f,0xaee89bdedbd41da2e765878f3dc69f5d52dba75b19878a22da37d9ce916df023
15,2050,1.025,0xe723b44adeba0306e27360a9f515a83457990476,2017-11-01T19:41:31.000Z,0.0005,0x1eaa18a0e964d346f2b5182be3f97d7aab5145b9,sell,0x07e3c70653548b04f0a75970c1f81b4cbbfb606f,0xa49ffcb2eb65b831d075b3db4aa80ddeba05d5fe1babce1c51b8a897de541139
16,6969,3.484506969,0x869e46a94f5545f0ec70c62d4dac447758a5b619,2017-11-01T19:39:24.000Z,0.000500001,0x1eaa18a0e964d346f2b5182be3f97d7aab5145b9,sell,0x07e3c70653548b04f0a75970c1f81b4cbbfb606f,0xa9a346b1d9cde8c37a90799ebbd37bff1c3e66e4273f46d4c05932bb672f417b
17,583.7065325912628,0.3035273969474567,0x0d96a86334749b41c7924fecb7353ea681cb4747,2017-11-01T19:34:31.000Z,0.00052,0x1eaa18a0e964d346f2b5182be3f97d7aab5145b9,sell,0x07e3c70653548b04f0a75970c1f81b4cbbfb606f,0x76ef5dc404c4d0610ad2d662cabf54fc99e3843b67d05cef616e287b80cb7ba4
18,199.3918623843129,0.10368376843984271,0x0d96a86334749b41c7924fecb7353ea681cb4747,2017-11-01T18:07:11.000Z,0.00052,0x9822d473b37741449b7e3b956c3e537792fbca46,sell,0x07e3c70653548b04f0a75970c1f81b4cbbfb606f,0xea41b828afbcb374161036465e98b2cfb8c8380d9184f16fa0eeecb7979a2f19
19,576.9016050244243,0.29998883461270065,0x0d96a86334749b41c7924fecb7353ea681cb4747,2017-11-01T18:05:05.000Z,0.00052,0xf613e0feb3375b184e2e231ee1fdccecadf2934d,sell,0x07e3c70653548b04f0a75970c1f81b4cbbfb606f,0xb1fdbce99c340888cb4afc860a22a98545a8944ada8202175a40f0378f29b6b8
20,1175.550757651281,0.531348942458379,0xd3bda06524171f16fda487649f19c2a42b47aa51,2017-11-01T09:25:09.000Z,0.000452,0xce1c28560f17c2aa0b0a539019bbb4492f117e40,sell,0x07e3c70653548b04f0a75970c1f81b4cbbfb606f,0xe8f4612eb127895c167ea1a0960c50760ac8a651ec47f356ef3d11b2539f971a
21,828,0.376740828,0x49dc235474e153367b593cab41b56dff301fbea0,2017-11-01T09:24:42.000Z,0.000455001,0xce1c28560f17c2aa0b0a539019bbb4492f117e40,sell,0x07e3c70653548b04f0a75970c1f81b4cbbfb606f,0xb5941549f516eab1d14ce9a3bdfe7646829192b7138ec0cd0fa4f0a767c1a282
22,1243.345,0.5658463095,0x9c232158b5e0f9a23bf9a399cd9197c7f131d13b,2017-11-01T09:23:38.000Z,0.0004551,0xce1c28560f17c2aa0b0a539019bbb4492f117e40,sell,0x07e3c70653548b04f0a75970c1f81b4cbbfb606f,0x86e383ce7b969892780779bc38432f8e4c099b80572d7ceb748c09d2ea5a844b
23,756.6547193093007,0.34435356275766277,0x9c232158b5e0f9a23bf9a399cd9197c7f131d13b,2017-11-01T08:50:26.000Z,0.0004551,0x8f03d96a1c2b511613ac13a855fac4357d41f0ce,sell,0x07e3c70653548b04f0a75970c1f81b4cbbfb606f,0xd98e18a3bfcfd3c612b7f4a762eeee39f4e9873aff2fc7bb0985cfb625bb905b
24,11496.85630568983,5.1965790501718025,0xd3bda06524171f16fda487649f19c2a42b47aa51,2017-11-01T06:50:17.000Z,0.000452,0x4e25f881039a16dfe4f9b5795ac8393b4480f729,sell,0x07e3c70653548b04f0a75970c1f81b4cbbfb606f,0xbd7142f322eea2070317f082678e74ee301d16b9a671a3e3f0e40cd3f5593a33
25,14500,6.5831595,0xc3185ab9e5291eb9dfb92547f187be6d53a54b59,2017-11-01T06:45:22.000Z,0.000454011,0x4e25f881039a16dfe4f9b5795ac8393b4480f729,sell,0x07e3c70653548b04f0a75970c1f81b4cbbfb606f,0xf29eb4938aa4656edff52bf844f1f3ba509cc2f4a51fb72131f4c65112f4e7a2
26,20000,9.1,0x1eaa18a0e964d346f2b5182be3f97d7aab5145b9,2017-11-01T06:44:51.000Z,0.000455,0x4e25f881039a16dfe4f9b5795ac8393b4480f729,sell,0x07e3c70653548b04f0a75970c1f81b4cbbfb606f,0x1ebebb3390042895ee21c4e0642df87a207cd13f1fc67c491492d3cdc73745b3
27,15.007,0.00735343,0x1733e5828606d3c4c78312b0845e0ca2acfb645e,2017-11-01T06:43:10.000Z,0.00049,0x4e25f881039a16dfe4f9b5795ac8393b4480f729,sell,0x07e3c70653548b04f0a75970c1f81b4cbbfb606f,0x2dbb1b1fe6b85e7e2aea656c14147564540fd9a34b6e098dcb12f121f6ef7bcd
28,668.2834620416616,0.3074103925391643,0x34eec67ff1ae5febe8b32f6aa73f581ef410f2dd,2017-11-01T04:10:43.000Z,0.00046,0x9da7ad646dc636de4bbc54ece8723a2bc346ca36,sell,0x07e3c70653548b04f0a75970c1f81b4cbbfb606f,0x3d8b7e838fb8372e1440e9afa4fb576e1220ee23f2b8ff6d427b1ecc2baaa2d7
29,1410,0.6909141,0x50d5ceb8f482a078c98b9354944cc72a6a3f7e4d,2017-11-01T04:04:13.000Z,0.00049001,0x9da7ad646dc636de4bbc54ece8723a2bc346ca36,sell,0x07e3c70653548b04f0a75970c1f81b4cbbfb606f,0x541e6a51486b5b5a79c045b01a2a366ca5fb879011f9e41c83184bf723380c5d
30,307,0.14122,0x34eec67ff1ae5febe8b32f6aa73f581ef410f2dd,2017-11-01T01:36:45.000Z,0.00046,0x8b6f76fa68c3b0a52a0d791f135b6805a64342ea,sell,0x07e3c70653548b04f0a75970c1f81b4cbbfb606f,0x2f2aae2d8648cec5be1f357f529e195dc1d19f5d2d16483ed329eeacbc856bf7
31,2000,1.06,0x1e530bb1d304522e4e0154a30bab497a4a243634,2017-10-31T23:39:55.000Z,0.00053,0x5c01c8627b4c2d66e9efaf7c6eacba98f9b05acd,buy,0x07e3c70653548b04f0a75970c1f81b4cbbfb606f,0xaa505b13e16776a205a2e9403a503923bb385aaf3e4192adfa9c42e5740e7c72
32,27.097,0.0140443751,0x1e530bb1d304522e4e0154a30bab497a4a243634,2017-10-31T23:36:43.000Z,0.0005183,0x094733fd56e985686c3ce360e9821ea501d2dee9,buy,0x07e3c70653548b04f0a75970c1f81b4cbbfb606f,0xcfcdb969e4e28218dff4a7e8b04b4768550465b8647d35f2f85e307a54ddc8a6
33,4000,1.95552,0x5c71f7ca58238adbffcb03ce76fb2f8640a015c5,2017-10-31T22:53:18.000Z,0.00048888,0x9da7ad646dc636de4bbc54ece8723a2bc346ca36,sell,0x07e3c70653548b04f0a75970c1f81b4cbbfb606f,0x30a759d0e480770399d0207f264a370ac8817c9baf470e30e041afe03539a1b2
34,100,0.048888,0x98db4417ba8029a6ce43e171b20e3cc2c4d19917,2017-10-31T22:23:26.000Z,0.00048888,0x9da7ad646dc636de4bbc54ece8723a2bc346ca36,buy,0x07e3c70653548b04f0a75970c1f81b4cbbfb606f,0xa365ce50ee09a842a3137ac2a7be9aec9bfa2e1a736ef2f4fe84f26f15abeb36
35,535,0.261550265,0x1733e5828606d3c4c78312b0845e0ca2acfb645e,2017-10-31T21:48:36.000Z,0.000488879,0x9da7ad646dc636de4bbc54ece8723a2bc346ca36,buy,0x07e3c70653548b04f0a75970c1f81b4cbbfb606f,0xefc9a8368d27b12706299a646922902be3776c428c509f4923ab807892af43eb
36,0.811125944201294,0.000413674231542659,0xd9d77099f1739b5cad360a1cc6e2639835d247a6,2017-10-31T21:34:52.000Z,0.0005099999999999988,0x1d5321e125f6c7079a716705541c7b371ca79e69,sell,0x07e3c70653548b04f0a75970c1f81b4cbbfb606f,0x7e4ef73d8a3a0bfebe0a95a677ea98d4c4af722ec285848879f232207abb49ef
37,0.8135593220338979,0.00039773206779661,0x1d5321e125f6c7079a716705541c7b371ca79e69,2017-10-31T21:34:52.000Z,0.000488879,0x9da7ad646dc636de4bbc54ece8723a2bc346ca36,buy,0x07e3c70653548b04f0a75970c1f81b4cbbfb606f,0x7e4ef73d8a3a0bfebe0a95a677ea98d4c4af722ec285848879f232207abb49ef
38,1.4657848119531685,0.000716591413082853,0x1d5321e125f6c7079a716705541c7b371ca79e69,2017-10-31T21:34:16.000Z,0.000488879,0x9da7ad646dc636de4bbc54ece8723a2bc346ca36,buy,0x07e3c70653548b04f0a75970c1f81b4cbbfb606f,0x72c35f366fb9cf4522e64a4742a9e3acf1a3868069d10e564f6cf5183d8452d9
39,1.4614006101227999,0.000733623106281645,0x708f41828ce90041f695ce100958c6d5a5ae82fc,2017-10-31T21:34:16.000Z,0.0005019999999999996,0x1d5321e125f6c7079a716705541c7b371ca79e69,sell,0x07e3c70653548b04f0a75970c1f81b4cbbfb606f,0x72c35f366fb9cf4522e64a4742a9e3acf1a3868069d10e564f6cf5183d8452d9
40,4.074792962346202,0.001992080708638849,0x1d5321e125f6c7079a716705541c7b371ca79e69,2017-10-31T21:28:35.000Z,0.000488879,0x9da7ad646dc636de4bbc54ece8723a2bc346ca36,buy,0x07e3c70653548b04f0a75970c1f81b4cbbfb606f,0x6fe7a8df8cc915ff48bc496e54062d9f75d0871a55848c817afb242736f31b0a
41,4.062605146905486,0.002043490388893459,0xa8bce187d2338de6d59861ca65747553ff6b5d81,2017-10-31T21:28:35.000Z,0.0005029999999999999,0x1d5321e125f6c7079a716705541c7b371ca79e69,sell,0x07e3c70653548b04f0a75970c1f81b4cbbfb606f,0x6fe7a8df8cc915ff48bc496e54062d9f75d0871a55848c817afb242736f31b0a
42,272,0.13297536,0x1d5321e125f6c7079a716705541c7b371ca79e69,2017-10-31T21:18:46.000Z,0.00048888,0x9da7ad646dc636de4bbc54ece8723a2bc346ca36,buy,0x07e3c70653548b04f0a75970c1f81b4cbbfb606f,0x8c341773ef9f84a4706bb03980031e0ee2fad244725c3f91217cc998ef5dc6b6
43,271.1864406779661,0.13830508474576272,0xd9d77099f1739b5cad360a1cc6e2639835d247a6,2017-10-31T21:18:46.000Z,0.00051,0x1d5321e125f6c7079a716705541c7b371ca79e69,sell,0x07e3c70653548b04f0a75970c1f81b4cbbfb606f,0x8c341773ef9f84a4706bb03980031e0ee2fad244725c3f91217cc998ef5dc6b6
44,488.5949373177229,0.2452746585334969,0x708f41828ce90041f695ce100958c6d5a5ae82fc,2017-10-31T21:18:09.000Z,0.000502,0x1d5321e125f6c7079a716705541c7b371ca79e69,sell,0x07e3c70653548b04f0a75970c1f81b4cbbfb606f,0x8fe7f65aea3d162aecaaebfa7535aea7b53f8aed41796a111323e25f8708a763
45,490.06072212967604,0.23958088583475604,0x1d5321e125f6c7079a716705541c7b371ca79e69,2017-10-31T21:18:09.000Z,0.00048888,0x9da7ad646dc636de4bbc54ece8723a2bc346ca36,buy,0x07e3c70653548b04f0a75970c1f81b4cbbfb606f,0x8fe7f65aea3d162aecaaebfa7535aea7b53f8aed41796a111323e25f8708a763
46,1.9699832465441676,0.001024391288202967,0x1e11fc7edf261e933af8c1455d929cf75c40df77,2017-10-31T18:01:33.000Z,0.00052,0x1d5321e125f6c7079a716705541c7b371ca79e69,sell,0x07e3c70653548b04f0a75970c1f81b4cbbfb606f,0x24764da0b7dc1b1e2cb620eee4f58dd439a2ee3a8598de2bdb62709cdecfe9f2
47,1.9758931962838,0.001007705530104738,0x1d5321e125f6c7079a716705541c7b371ca79e69,2017-10-31T18:01:33.000Z,0.00051,0xe99c29b1a29064a11099485b9b097980893e2d2d,buy,0x07e3c70653548b04f0a75970c1f81b4cbbfb606f,0x24764da0b7dc1b1e2cb620eee4f58dd439a2ee3a8598de2bdb62709cdecfe9f2
48,660.6069586242169,0.33690954889835056,0x1d5321e125f6c7079a716705541c7b371ca79e69,2017-10-31T17:54:29.000Z,0.00051,0xe99c29b1a29064a11099485b9b097980893e2d2d,buy,0x07e3c70653548b04f0a75970c1f81b4cbbfb606f,0x6ecf2c81a034da315ea0d79437e2aab6c866a69a21b7b5923f75fae0dc2babc6
49,658.631065427933,0.3424881540225252,0x1e11fc7edf261e933af8c1455d929cf75c40df77,2017-10-31T17:54:29.000Z,0.00052,0x1d5321e125f6c7079a716705541c7b371ca79e69,sell,0x07e3c70653548b04f0a75970c1f81b4cbbfb606f,0x6ecf2c81a034da315ea0d79437e2aab6c866a69a21b7b5923f75fae0dc2babc6
50,1.3729119270816856,0.000768844408285014,0x49dc235474e153367b593cab41b56dff301fbea0,2017-10-31T17:15:01.000Z,0.0005600099999999995,0x1d5321e125f6c7079a716705541c7b371ca79e69,sell,0x07e3c70653548b04f0a75970c1f81b4cbbfb606f,0x382c65ee51b3226c44d984a3a44dc8942c2301472c655adac54bff7912dedef1
51,1.3770306628629307,0.000713714992561857,0x1d5321e125f6c7079a716705541c7b371ca79e69,2017-10-31T17:15:01.000Z,0.0005183,0x094733fd56e985686c3ce360e9821ea501d2dee9,buy,0x07e3c70653548b04f0a75970c1f81b4cbbfb606f,0x382c65ee51b3226c44d984a3a44dc8942c2301472c655adac54bff7912dedef1
52,457.63319029144776,0.25627916289511365,0x49dc235474e153367b593cab41b56dff301fbea0,2017-10-31T17:13:29.000Z,0.00056001,0x273a5d3e6721b9f5c1a6474f560c1334c63dda01,sell,0x07e3c70653548b04f0a75970c1f81b4cbbfb606f,0x1775a77804d047d879fdb146781bfe1ae097f5028e72be78f247bbf0fa35f5a7
53,459.0102209543107,0.23790499752061925,0x273a5d3e6721b9f5c1a6474f560c1334c63dda01,2017-10-31T17:13:29.000Z,0.0005183,0x094733fd56e985686c3ce360e9821ea501d2dee9,buy,0x07e3c70653548b04f0a75970c1f81b4cbbfb606f,0x1775a77804d047d879fdb146781bfe1ae097f5028e72be78f247bbf0fa35f5a7
54,180,0.0936,0x1e11fc7edf261e933af8c1455d929cf75c40df77,2017-10-31T16:49:10.000Z,0.00052,0x8a411062b638aaa5c1bca061b73dfe290ce24117,sell,0x07e3c70653548b04f0a75970c1f81b4cbbfb606f,0x2703ee39ae4cd867a3769796ce473008c452113f2d83105423224dfb910dff76
55,13.39544405475816,0.006942858653581154,0x0671f73668831051b71f967938d22f3584a3051d,2017-10-31T16:02:43.000Z,0.0005183,0x094733fd56e985686c3ce360e9821ea501d2dee9,buy,0x07e3c70653548b04f0a75970c1f81b4cbbfb606f,0xea050fdb7fecdfe283c9ae3eca2dd7441760216767b3d473aa2b1779d1be2c3c
56,13.393041375783183,0.006964381515407255,0x1e11fc7edf261e933af8c1455d929cf75c40df77,2017-10-31T16:02:06.000Z,0.00052,0x0671f73668831051b71f967938d22f3584a3051d,sell,0x07e3c70653548b04f0a75970c1f81b4cbbfb606f,0x11d5ec773de889af47200e93251cabc3839d7b4091f390dfd9b2894b3a845ef0
57,1,0.00055,0x0b773d7819259d78757b26dc4148812d35676d8f,2017-10-31T14:31:10.000Z,0.00055,0x5c01c8627b4c2d66e9efaf7c6eacba98f9b05acd,buy,0x07e3c70653548b04f0a75970c1f81b4cbbfb606f,0x1195e065a5d9df67282ca2426020a726988161df515c77eb3b1e48b4145dc10a
58,125,0.06875,0xe723b44adeba0306e27360a9f515a83457990476,2017-10-31T13:00:59.000Z,0.00055,0x5c01c8627b4c2d66e9efaf7c6eacba98f9b05acd,buy,0x07e3c70653548b04f0a75970c1f81b4cbbfb606f,0x16a7122156738c0ab02f29362705af5163e71aeae216715f748030c0115685a3
59,0.00052,0.65,0xe723b44adeba0306e27360a9f515a83457990476,2017-10-31T12:54:47.000Z,1250,0x273a5d3e6721b9f5c1a6474f560c1334c63dda01,sell,0x07e3c70653548b04f0a75970c1f81b4cbbfb606f,0x1ace63f3c27abd871ad00c8b4532b3b6ec53398b7e46c2bcb9fe453e1c0ac50c
60,700,0.385,0xa8bce187d2338de6d59861ca65747553ff6b5d81,2017-10-31T12:07:01.000Z,0.00055,0x5c01c8627b4c2d66e9efaf7c6eacba98f9b05acd,buy,0x07e3c70653548b04f0a75970c1f81b4cbbfb606f,0x4d610a78180513a06879bd7a6c20cab31a9c2652e59cda9cdd301f942f900938
61,1030,0.5665,0xa8bce187d2338de6d59861ca65747553ff6b5d81,2017-10-31T12:03:40.000Z,0.00055,0x5c01c8627b4c2d66e9efaf7c6eacba98f9b05acd,buy,0x07e3c70653548b04f0a75970c1f81b4cbbfb606f,0x9758e40929fe5983a8b9d81d7d61c206db8f518735216d2bcbcd0517cdfeac0c
62,850,0.4675,0x21c327be593fc6d52a87389a4323084cb0a2ce95,2017-10-31T11:57:14.000Z,0.00055,0x5c01c8627b4c2d66e9efaf7c6eacba98f9b05acd,buy,0x07e3c70653548b04f0a75970c1f81b4cbbfb606f,0x33bb4bc5665850345cad3b6d7bbd40d115c321d8e621c237e855f42423a16a40
63,485.452,0.25728956,0x21c327be593fc6d52a87389a4323084cb0a2ce95,2017-10-31T11:55:37.000Z,0.00053,0x708f41828ce90041f695ce100958c6d5a5ae82fc,buy,0x07e3c70653548b04f0a75970c1f81b4cbbfb606f,0x98b612aadc495c2dc5ff68fb5ed5c07a88f3e4b8f521fee260def2f0063d3efe
64,70,0.0371,0xa8bce187d2338de6d59861ca65747553ff6b5d81,2017-10-31T11:35:17.000Z,0.00053,0x708f41828ce90041f695ce100958c6d5a5ae82fc,buy,0x07e3c70653548b04f0a75970c1f81b4cbbfb606f,0x2f23ba2ffd21e0821b8c894a573d98a668c2d98bd36fece22948d69024436a6b
65,1.430317754155714,0.000786674764785642,0xb4cfcb2b61bae99448176e1253a2916923cda0dc,2017-10-31T09:54:09.000Z,0.0005499999999999995,0x1d5321e125f6c7079a716705541c7b371ca79e69,sell,0x07e3c70653548b04f0a75970c1f81b4cbbfb606f,0x2a41e077035d9a394abbdf8c56b98e827e92d18b3108f1b1f827dbc3a8248877
66,1.434608707418181,0.000760342614931636,0x1d5321e125f6c7079a716705541c7b371ca79e69,2017-10-31T09:54:09.000Z,0.00053,0x708f41828ce90041f695ce100958c6d5a5ae82fc,buy,0x07e3c70653548b04f0a75970c1f81b4cbbfb606f,0x2a41e077035d9a394abbdf8c56b98e827e92d18b3108f1b1f827dbc3a8248877
67,0.000990757363469295,0.000000497360196461,0x708f41828ce90041f695ce100958c6d5a5ae82fc,2017-10-31T09:52:40.000Z,0.0005019999999994084,0x009a12d4290630bc01fd82516ac57c1dc6a9bcfb,sell,0x07e3c70653548b04f0a75970c1f81b4cbbfb606f,0x741c149a6a83541a1ad7a3cec1b38233440403206b76c22cdf7b333dee6347ca
68,9.93828711296049,0.004989020130706165,0x708f41828ce90041f695ce100958c6d5a5ae82fc,2017-10-31T09:51:03.000Z,0.000502,0x009a12d4290630bc01fd82516ac57c1dc6a9bcfb,sell,0x07e3c70653548b04f0a75970c1f81b4cbbfb606f,0x5de284771859b195dbf5e4b82150b86c955eeed2c370d545d7edb640275c64a6
69,10.944,0.00548524224,0x1fdf047bf7a114b37e7936d01e9cad754ad18803,2017-10-31T09:38:54.000Z,0.00050121,0x708f41828ce90041f695ce100958c6d5a5ae82fc,sell,0x07e3c70653548b04f0a75970c1f81b4cbbfb606f,0x3f41ffbf85556889d7fb6da2a7c09a4cd0f11d1fdba8728fb5dfbcc751ea3d93
70,23.456605820919346,0.012690023749117365,0xedab970a22e42786a6ecc73621b889bdedf163c7,2017-10-31T09:38:26.000Z,0.0005409999999999999,0x708f41828ce90041f695ce100958c6d5a5ae82fc,sell,0x07e3c70653548b04f0a75970c1f81b4cbbfb606f,0x5127534f812ea9622d27855d3f2ef742df483e831bb9fbcf97ea3d657ab5ca4a
71,1299.9996063901904,0.7149997835146047,0x2e5502bf06ff365b7f9bd45c6343c45525134319,2017-10-31T08:53:04.000Z,0.00055,0x14a9c53546b39e6fb5ef965b35b802ae2a040742,sell,0x07e3c70653548b04f0a75970c1f81b4cbbfb606f,0xb541f722decb9d2179d1ebbaa6cbe4294d90399c3bfebc19762588fd4e4dfe7e
72,700,0.385,0x2e5502bf06ff365b7f9bd45c6343c45525134319,2017-10-31T08:30:03.000Z,0.00055,0x14a9c53546b39e6fb5ef965b35b802ae2a040742,sell,0x07e3c70653548b04f0a75970c1f81b4cbbfb606f,0x3f2076c8e834d850418e3d4a418530bfcb92294de6e430f2abdfaea9d86a2aa6
73,1473.524,0.8104382,0x2e5502bf06ff365b7f9bd45c6343c45525134319,2017-10-31T08:28:44.000Z,0.00055,0x14a9c53546b39e6fb5ef965b35b802ae2a040742,sell,0x07e3c70653548b04f0a75970c1f81b4cbbfb606f,0x5ead3afdf8bd84e54e7077607d026a8ca6c9c9a2ef17201e1004e2665fca67f4
74,801.3453,0.440739915,0x2e5502bf06ff365b7f9bd45c6343c45525134319,2017-10-31T08:19:44.000Z,0.00055,0x14a9c53546b39e6fb5ef965b35b802ae2a040742,sell,0x07e3c70653548b04f0a75970c1f81b4cbbfb606f,0x060c079711c31ecfaa337fd5b347b2fa6600a46a347eb5b3f82c384cc741bdbf
75,600,0.33,0x2e5502bf06ff365b7f9bd45c6343c45525134319,2017-10-31T08:08:15.000Z,0.00055,0x14a9c53546b39e6fb5ef965b35b802ae2a040742,sell,0x07e3c70653548b04f0a75970c1f81b4cbbfb606f,0xaed08c31757d88153d90dc1cc022d2c86defc7fb766bc4b3999a5b6eb3c85494
76,11,0.00616,0x0671f73668831051b71f967938d22f3584a3051d,2017-10-31T07:49:48.000Z,0.00056,0x14a9c53546b39e6fb5ef965b35b802ae2a040742,sell,0x07e3c70653548b04f0a75970c1f81b4cbbfb606f,0xe91f0bfe9e70945c3723ccaf7be45479abf3bb7bf42c3e3eccb4233d23247929
77,1040.098,0.58246528098,0x49dc235474e153367b593cab41b56dff301fbea0,2017-10-31T06:50:48.000Z,0.00056001,0xe3373204b7c661d18cab875bd76626ff3233698f,sell,0x07e3c70653548b04f0a75970c1f81b4cbbfb606f,0xdf2b98ea0e86326f6f9143934fddb563fe8623e5c5125eaa126d7ca60aba2ffa
78,0.8917790456893,0.000499405183376464,0x49dc235474e153367b593cab41b56dff301fbea0,2017-10-31T04:08:55.000Z,0.000560009999999999,0xe444a40689f51f63bcd29910622035707d533d29,sell,0x07e3c70653548b04f0a75970c1f81b4cbbfb606f,0xde9761c8767c9e0eb180f6a22561a400f051fb2e5a03c0397890bc0a6634c4bd
79,2215.13109360981,1.2183221014853953,0x2e5502bf06ff365b7f9bd45c6343c45525134319,2017-10-31T01:28:31.000Z,0.00055,0x0d1a0796ce687b446d83dde60db5bdafc743e943,sell,0x07e3c70653548b04f0a75970c1f81b4cbbfb606f,0xca2c401e27c80db10e4650397bbe0c458185277583dc99dfd20764f122e1d46a
80,4650,2.604,0xedab970a22e42786a6ecc73621b889bdedf163c7,2017-10-31T01:27:46.000Z,0.00056,0x0d1a0796ce687b446d83dde60db5bdafc743e943,sell,0x07e3c70653548b04f0a75970c1f81b4cbbfb606f,0x785524bec34a457c2713ee3e0043fca969453bab2050b23aa8394569422bfb41
81,0.001,0.0000006515,0x0c4085d8e714ca77ac5f46cd2b80a92d238a7cd3,2017-10-31T00:59:55.000Z,0.0006515,0x4c089456d94898f430ab5e2fb2b071eb1adf7864,buy,0x07e3c70653548b04f0a75970c1f81b4cbbfb606f,0xd71c897b0aff33e2fa5d5e26f5f6a0a851331cd9e2442793ed5fdf56b199dcc8
82,7.512,0.0045072,0x0ad747e3c2ad81b8ffa61df6c6223b01c21c8ffc,2017-10-31T00:14:47.000Z,0.0006,0x0671f73668831051b71f967938d22f3584a3051d,sell,0x07e3c70653548b04f0a75970c1f81b4cbbfb606f,0xfa49c4dc95800dfa026a227f4f0c33b44207a7a35d2d21895fe72c6efac6042e
83,344.9307147841691,0.20695842887050145,0x0ad747e3c2ad81b8ffa61df6c6223b01c21c8ffc,2017-10-30T22:15:22.000Z,0.0006,0x570b881f676c7d825f21b115c3c8f0aa43362375,sell,0x07e3c70653548b04f0a75970c1f81b4cbbfb606f,0x1fc6d59433f3e6091344f4de17ffbbc1c82e89b449db9112dbee1741e18a49a3
84,47.557,0.0285342,0x0ad747e3c2ad81b8ffa61df6c6223b01c21c8ffc,2017-10-30T19:56:44.000Z,0.0006,0x98db4417ba8029a6ce43e171b20e3cc2c4d19917,sell,0x07e3c70653548b04f0a75970c1f81b4cbbfb606f,0x7b9b59b6a85f1f99d80478126d5124288668ad227bc849a0e44438309a5779db
85,275,0.1793,0x3f5a86104d20e0079c8758b805c84274f6f9a199,2017-10-30T18:38:35.000Z,0.000652,0x5980c0f23eee0ca13f858f47c1fd2267f1fad449,buy,0x07e3c70653548b04f0a75970c1f81b4cbbfb606f,0x4ddb957acc97240e876a73c0853cf59973c471f4f09071b2f84e5eec78ea4d20
86,5034.868892304348,3.0712700243056523,0x23f2030563a7bbb9369eea4447eb1475f51b6bdf,2017-10-30T11:56:28.000Z,0.00061,0x657a861f5610ee7a35d7aca46af921c82a5632ba,buy,0x07e3c70653548b04f0a75970c1f81b4cbbfb606f,0x7049cdd85f72fa3942325d1aac7321bd13cb5e9f9291ca3a842221c16dc2bdaf
87,1220.19,0.732114,0x23f2030563a7bbb9369eea4447eb1475f51b6bdf,2017-10-30T11:56:28.000Z,0.0006,0x9dc39c944e73f62742589519aff5d3e9b4bc19a9,buy,0x07e3c70653548b04f0a75970c1f81b4cbbfb606f,0x87caffa660b3185d284be4765c867bf60b3f8e655f55ba1f09fd29e8cdf1f121
88,1386.724,0.809846816,0x23f2030563a7bbb9369eea4447eb1475f51b6bdf,2017-10-30T11:55:26.000Z,0.000584,0xb9e1c70962a60ee3f83eb304f929ffd61fb5682b,buy,0x07e3c70653548b04f0a75970c1f81b4cbbfb606f,0xd83bbe736dde44f205b7fe29181a451a2385d9782b6097f551b8d3c59f3c8230
89,1476.18,0.875227122,0x23f2030563a7bbb9369eea4447eb1475f51b6bdf,2017-10-30T11:55:26.000Z,0.0005929,0x3fbc56d3dc53375f5a0b5412f299b452404b5150,buy,0x07e3c70653548b04f0a75970c1f81b4cbbfb606f,0x9557511dd1479720ea6691e68b0490c924638aa181fd3bd991e17dc26265139f
90,793,0.3965,0xc9d56287b414e1aa0963016aa721b527f095fd9c,2017-10-30T05:10:31.000Z,0.0005,0xede4bd2a166d03b2aba67e1e89217dc6dd6199bf,buy,0x07e3c70653548b04f0a75970c1f81b4cbbfb606f,0x17fea0a087f657ffae9b24abd08759a39f3f88af559c173024d3fd318e85b29b
91,790.6281156530408,0.4277298105682951,0xedab970a22e42786a6ecc73621b889bdedf163c7,2017-10-30T05:10:31.000Z,0.000541,0xc9d56287b414e1aa0963016aa721b527f095fd9c,sell,0x07e3c70653548b04f0a75970c1f81b4cbbfb606f,0x17fea0a087f657ffae9b24abd08759a39f3f88af559c173024d3fd318e85b29b
92,159.50553284817067,0.08629249327086033,0xedab970a22e42786a6ecc73621b889bdedf163c7,2017-10-30T04:33:23.000Z,0.000541,0x1b880d553c38872d848aed99ef3c64ded1a15390,sell,0x07e3c70653548b04f0a75970c1f81b4cbbfb606f,0x853cbd36274f0ea9f80679cbf0bbe80ace955092578d9763548e4ec087b8351d
93,0.9970089730807,0.000539381854436658,0xedab970a22e42786a6ecc73621b889bdedf163c7,2017-10-30T02:13:48.000Z,0.0005409999999999993,0x16e5d97bbc92417e051e3b2cabfbf8ceea2acb9c,sell,0x07e3c70653548b04f0a75970c1f81b4cbbfb606f,0x33c06441b54d4f96c38f550fd38bb6580f0b8bd67b1f3e827fd0e0a8ba3fbd8f
94,0.96236387363,0.00052063885563383,0xedab970a22e42786a6ecc73621b889bdedf163c7,2017-10-30T02:13:20.000Z,0.000541,0x379374d13077e8867ef31803c37baf9785a17c00,sell,0x07e3c70653548b04f0a75970c1f81b4cbbfb606f,0x97897949e4474de69d8cb9b3e72148cc566de6e378f42385e0fd110edfb5ab9c
95,0.011528413051034168,0.000006225343047558,0xdeb92bad9d92b89fcbe852f19e145aed373dd6f6,2017-10-29T20:12:18.000Z,0.0005399999999999609,0x5af1686b0b114e625282797b48f5f777f49a449b,sell,0x07e3c70653548b04f0a75970c1f81b4cbbfb606f,0xa4ead16e8469353464be28ecd18ec055eb2a594ac04ca5d006f4ac6e1b63293c
96,115.64151131492373,0.062446416110058814,0xdeb92bad9d92b89fcbe852f19e145aed373dd6f6,2017-10-29T20:11:13.000Z,0.00054,0x5af1686b0b114e625282797b48f5f777f49a449b,sell,0x07e3c70653548b04f0a75970c1f81b4cbbfb606f,0x5492182c42c35736848b6b9f0c631b2328e0b4584aff28701a4689e45907a3b4
97,23.498661727778273,0.013109668391310222,0xdb95ffc525554da455565b6f68c2c3b0b74e8a16,2017-10-29T19:52:30.000Z,0.00055789,0xd90f8f357d3e5b67784c5a8690626d4811fde796,buy,0x07e3c70653548b04f0a75970c1f81b4cbbfb606f,0x10bd7a1041cc344d643b4a468a57c1c7c54fc5b07837182d6fa78cae96b89561
98,198.134,0.1105389586,0xdb95ffc525554da455565b6f68c2c3b0b74e8a16,2017-10-29T19:52:30.000Z,0.0005579,0xe3373204b7c661d18cab875bd76626ff3233698f,buy,0x07e3c70653548b04f0a75970c1f81b4cbbfb606f,0x1de9804b9f0c490767f7129898979ed5c73d9f44be34dd47d89dbb1c3d6778d3
99,814,0.4540492,0xdb95ffc525554da455565b6f68c2c3b0b74e8a16,2017-10-29T19:52:04.000Z,0.0005578,0x49dc235474e153367b593cab41b56dff301fbea0,buy,0x07e3c70653548b04f0a75970c1f81b4cbbfb606f,0xe24bc0f498246ad3dc109be2d749e8fa94012900955a648c8e0407f1de0bce6c
100,119.23,0.0665172247,0xdb95ffc525554da455565b6f68c2c3b0b74e8a16,2017-10-29T19:52:04.000Z,0.00055789,0x918d6031d47ffc517713a2d6982751cb94f80734,buy,0x07e3c70653548b04f0a75970c1f81b4cbbfb606f,0x012f8e3ea055019bf87b64fbc2b9fcd26465311d0add591bc61f704519db96a6
101,100,0.05578,0xe723b44adeba0306e27360a9f515a83457990476,2017-10-29T19:47:46.000Z,0.0005578,0x49dc235474e153367b593cab41b56dff301fbea0,buy,0x07e3c70653548b04f0a75970c1f81b4cbbfb606f,0x0e5a0eed68f0a63a93ad39a1c6a58b1313d1bc4f9b0443bf38fd044b522f383d
102,920.4805104177051,0.4878546705213837,0x34eec67ff1ae5febe8b32f6aa73f581ef410f2dd,2017-10-29T14:49:02.000Z,0.00053,0xb622dd83e08f62d823eb7f622f96ee1d853d2ba5,sell,0x07e3c70653548b04f0a75970c1f81b4cbbfb606f,0xb429ae6f64ef65d01c116046f1634892643cc0caaa44fb4f0f541c9296b62de2
103,732.7063382722217,0.4087695390586898,0x1c8901f1919e685db0c8f677589e2ed4ef9c9f67,2017-10-29T14:29:16.000Z,0.00055789,0xd90f8f357d3e5b67784c5a8690626d4811fde796,buy,0x07e3c70653548b04f0a75970c1f81b4cbbfb606f,0xe9da3e2d21c52f5fb0afadd753215a14eb91ee7d672ecf18756909541f86ba89
104,1396.8527564549895,0.7543004884856943,0x88e5b12e8e81923d1298d165581cdec63aa85771,2017-10-29T13:38:22.000Z,0.00054,0xa983c40d0fb154afa23ba3a530c3caa8eb7e9f31,sell,0x07e3c70653548b04f0a75970c1f81b4cbbfb606f,0x3597329a22a30bb5619ce02bc0b11040ad321d840850757aea5a952bd37e67f9
105,1793,1.002287,0xe1e1d0d73eeb29d0632bc4c7871bfc74dbed0741,2017-10-29T11:47:14.000Z,0.000559,0x1eaa18a0e964d346f2b5182be3f97d7aab5145b9,buy,0x07e3c70653548b04f0a75970c1f81b4cbbfb606f,0xe7da97decd6151bd92adb6ca0670700e6b52bb839a9f1e9fd7eeea5074fb4930
106,530,0.29574,0x27e3091836bd01b1a81cf3d97ab79424b4485191,2017-10-29T09:55:45.000Z,0.000558,0x49dc235474e153367b593cab41b56dff301fbea0,buy,0x07e3c70653548b04f0a75970c1f81b4cbbfb606f,0x766188c0524aedb84c1d280d84249e29270fe82d33f02acde90131d320970910
107,801.8659613901578,0.44736101985956905,0x022fa122dd597756969dbb38aff28109059c7ea6,2017-10-29T08:28:52.000Z,0.0005579,0xe3373204b7c661d18cab875bd76626ff3233698f,buy,0x07e3c70653548b04f0a75970c1f81b4cbbfb606f,0x458bc24048767c079121ce43d1b2fec9947d19ccfc597788257ce16c1d80e09a
108,825,0.459525,0x0636dfd5406f2bc6a3fedd350537097bfa6874b6,2017-10-29T05:27:50.000Z,0.000557,0xe3373204b7c661d18cab875bd76626ff3233698f,sell,0x07e3c70653548b04f0a75970c1f81b4cbbfb606f,0x6e9917d7a05cc3e3ecca33eb7148a4ab53ed172df0bde8d6363dde8aab2861d1
109,2090.236,1.164261452,0x34eec67ff1ae5febe8b32f6aa73f581ef410f2dd,2017-10-29T05:17:21.000Z,0.000557,0x57e2cd54f829a084aa4020fa365b6d5d1692f261,buy,0x07e3c70653548b04f0a75970c1f81b4cbbfb606f,0x95670a9eceb4ad2d9bb00fbef7c25106192292f8669b5c54f5f60d59c8d030e5
110,900,0.5013,0x0ad747e3c2ad81b8ffa61df6c6223b01c21c8ffc,2017-10-29T04:16:07.000Z,0.000557,0x57e2cd54f829a084aa4020fa365b6d5d1692f261,buy,0x07e3c70653548b04f0a75970c1f81b4cbbfb606f,0xde32c73eb9548ebf3e567454a2a5946d9e7bacd4ad23d214068e744f4c5a1805
111,40,0.02232,0xb893f4dc38b853bf40a11086bda6626ddcf5f3bd,2017-10-29T03:39:24.000Z,0.000558,0x49dc235474e153367b593cab41b56dff301fbea0,buy,0x07e3c70653548b04f0a75970c1f81b4cbbfb606f,0xaed1650d7c96b623e78ad85753b0fe3ac905e7b7142ed5aef1c7aefdb8ac90e6
112,120,0.06696,0xb893f4dc38b853bf40a11086bda6626ddcf5f3bd,2017-10-29T01:48:04.000Z,0.000558,0x49dc235474e153367b593cab41b56dff301fbea0,buy,0x07e3c70653548b04f0a75970c1f81b4cbbfb606f,0xb2f7872b5c3a91abb80a7895aaf722e8fb49344657e0d137f8bb841f91fb8b74
113,0.8944543828264758,0.0005,0x34f9560c63078eb61872a4dc2ccd20e21c34feaf,2017-10-28T20:22:15.000Z,0.000559,0x1eaa18a0e964d346f2b5182be3f97d7aab5145b9,buy,0x07e3c70653548b04f0a75970c1f81b4cbbfb606f,0x5b54c9c3ec893c352bad0ddecc1a15a2eba3b296aefdec8c6ab00ebfbda29067
114,0.8944543828264758,0.0005,0xe444a40689f51f63bcd29910622035707d533d29,2017-10-28T20:17:38.000Z,0.000559,0x1eaa18a0e964d346f2b5182be3f97d7aab5145b9,buy,0x07e3c70653548b04f0a75970c1f81b4cbbfb606f,0x31841b1fed0696d7098b1e12557187efd6412f47c578be44d3a72af7e0ea6f67
115,104.06967121279052,0.05527119424177062,0x022fa122dd597756969dbb38aff28109059c7ea6,2017-10-28T17:58:29.000Z,0.000531098,0xb69a26abbc164f3eab04ef9a6787667bf24e197e,sell,0x07e3c70653548b04f0a75970c1f81b4cbbfb606f,0xc4fd226501644bdf3cb5ce600faf73650d5e2ebf9e34833a9581fbcc4de720b6
116,1783.3474291667624,1.005807950050054,0x568e99cb621ea393f193e154ad023fe032d708d2,2017-10-28T17:49:03.000Z,0.000564,0xb69a26abbc164f3eab04ef9a6787667bf24e197e,buy,0x07e3c70653548b04f0a75970c1f81b4cbbfb606f,0x3c55f147deae04d20e0dd6d9c8b83186c2f5b5a763b90e7d9a408a23461ada8e
117,105,0.059325,0xa46a69569b4d86dab047142a6ad657893dac287e,2017-10-28T16:56:30.000Z,0.000565,0x49dc235474e153367b593cab41b56dff301fbea0,buy,0x07e3c70653548b04f0a75970c1f81b4cbbfb606f,0xef4a0feec2d1fd8f17ae059b729b810460820073657f6521e0fc87d8c0f86e20
118,221,0.125528,0xa46a69569b4d86dab047142a6ad657893dac287e,2017-10-28T16:55:28.000Z,0.000568,0xfbf7dc0756a9768d0c71aea5f8421f3b1eaee7d1,buy,0x07e3c70653548b04f0a75970c1f81b4cbbfb606f,0xc2677183fde317967590c00f35bd1f706faa6a8503d85fe83a539212c9ca2725
119,115,0.064975,0x4c089456d94898f430ab5e2fb2b071eb1adf7864,2017-10-28T16:23:56.000Z,0.000565,0x49dc235474e153367b593cab41b56dff301fbea0,buy,0x07e3c70653548b04f0a75970c1f81b4cbbfb606f,0x0c209745ea1b384e432ddc099daa29aa988f64b429b2119111dc6f5fcb1723d3
120,0.05396966940118968,0.00002860392478263,0x568e99cb621ea393f193e154ad023fe032d708d2,2017-10-28T14:57:02.000Z,0.0005299999999999902,0x3c7f1d234d85a3edeb7209cd173f91b08e347c48,sell,0x07e3c70653548b04f0a75970c1f81b4cbbfb606f,0x1321ce4ade2642a791ec012b9491f0edc81a5ffba5af0dcfecad4d6058eb8729
121,541.3697537633336,0.28692596949456683,0x568e99cb621ea393f193e154ad023fe032d708d2,2017-10-28T14:51:56.000Z,0.00053,0x3c7f1d234d85a3edeb7209cd173f91b08e347c48,sell,0x07e3c70653548b04f0a75970c1f81b4cbbfb606f,0x6a509e1ec080d321bd87012a68949efec9c841ccfaa6e1dfdcf9de52f6523785
122,1180.9316950785565,0.615266594067623,0x869e46a94f5545f0ec70c62d4dac447758a5b619,2017-10-28T10:03:15.000Z,0.000521001,0xf64ce0c72afb0760a4861e13b35bb6d1890b2f8c,sell,0x07e3c70653548b04f0a75970c1f81b4cbbfb606f,0xa9a0c6565e712178727fc5b951fe6a942231df8dbd93471f161955083c6534df
123,1538,0.801299538,0x9778550d76b07ac9f5e57392f68ecdf6efc1774e,2017-10-28T09:48:17.000Z,0.000521001,0xe8f0f711cf56bf2e60dc7757f96794343b1b2323,buy,0x07e3c70653548b04f0a75970c1f81b4cbbfb606f,0xbd719793df13be384401f4c2190c53cefacd4b0b36069db8c43189f11f3d0fd1
124,850,0.4845,0x63353050d8da32ef36da11892b82f06e1ea40cee,2017-10-28T08:36:17.000Z,0.00057,0x49dc235474e153367b593cab41b56dff301fbea0,buy,0x07e3c70653548b04f0a75970c1f81b4cbbfb606f,0x9f78f71aa3e2bae702962f583495d344e67f1f0c91730fe5405eb9f43d399d22
125,641.081,0.36541617,0x9778550d76b07ac9f5e57392f68ecdf6efc1774e,2017-10-28T07:38:47.000Z,0.00057,0xf5d1d8285e32f6750ae08ee025d44b97cbcbc9f3,buy,0x07e3c70653548b04f0a75970c1f81b4cbbfb606f,0x0d3d70b38ac35954c160430d0f04c007f2ec0f06031332847597d7e33dadb361
126,326,0.188753674,0xfff0905740ad6b68a5064359277c876d133252fa,2017-10-28T06:04:29.000Z,0.000578999,0x49dc235474e153367b593cab41b56dff301fbea0,buy,0x07e3c70653548b04f0a75970c1f81b4cbbfb606f,0xa2341ee454457e58c0b40b74bfe366464e74fc11ac4ebc3c205936d72401e852
127,40,0.023452,0x12f5730ab7cf4e83f091f5fb540431c7771944c1,2017-10-27T20:44:25.000Z,0.0005863,0x5af1686b0b114e625282797b48f5f777f49a449b,buy,0x07e3c70653548b04f0a75970c1f81b4cbbfb606f,0xe5bbedfb16383dcffda27c749591fc4785b9a70f2b3f86f65d8fd795c6087011
128,1794.4382414514535,0.9008079972086297,0x1eaa18a0e964d346f2b5182be3f97d7aab5145b9,2017-10-27T16:15:27.000Z,0.000502,0x6d91f54040d517e2da18aff74f1a6ecd087b839d,sell,0x07e3c70653548b04f0a75970c1f81b4cbbfb606f,0x343c89e47a3816cfa5df314df65cfa620490e65a0cd49a8016dd5d208d29fb64
129,2779.6610169491523,1.6316610169491523,0x7aa6e2506316f6d613277d4f2f4e4e1dc55e528e,2017-10-27T15:58:35.000Z,0.000587,0xfbf7dc0756a9768d0c71aea5f8421f3b1eaee7d1,buy,0x07e3c70653548b04f0a75970c1f81b4cbbfb606f,0x9a855b1998e1a43bbb7af5e54ce188522818f95101ef689105475e0d38bef7a6
130,2771.3220338983047,1.6350799999999996,0x752e9344f86f5d513fab27e50e76ff1cd528019f,2017-10-27T15:58:35.000Z,0.00059,0x7aa6e2506316f6d613277d4f2f4e4e1dc55e528e,sell,0x07e3c70653548b04f0a75970c1f81b4cbbfb606f,0x9a855b1998e1a43bbb7af5e54ce188522818f95101ef689105475e0d38bef7a6
131,556.6675800591767,0.3262072019146775,0xdb95ffc525554da455565b6f68c2c3b0b74e8a16,2017-10-27T15:57:20.000Z,0.000586,0x1eaa18a0e964d346f2b5182be3f97d7aab5145b9,buy,0x07e3c70653548b04f0a75970c1f81b4cbbfb606f,0xf99924ac62fbc1209f423c31428aa2442b8681ce1a6d3b84ccbf819ed3bfaaf2
132,1871.3324199408235,1.0966007980853225,0x6edff612c6640bf5fc60b2158297b8ffdd5437dc,2017-10-27T15:46:51.000Z,0.000586,0x1eaa18a0e964d346f2b5182be3f97d7aab5145b9,buy,0x07e3c70653548b04f0a75970c1f81b4cbbfb606f,0x8276c479091d27d7339a7b9b644e4291e98cf9416e0bdf6acab8c0ece90af81d
133,309.0419698933307,0.15606619479613199,0xb4cfcb2b61bae99448176e1253a2916923cda0dc,2017-10-27T10:55:59.000Z,0.000505,0x9c5faed48240954efe9b5f666d1b6df1de3fa2ae,sell,0x07e3c70653548b04f0a75970c1f81b4cbbfb606f,0xff8764164bd8c41d71a5c4304ffa61a6cdb3b8335034db4b336766fb45c95a06
134,90.56955695648574,0.05343603860432659,0x752e9344f86f5d513fab27e50e76ff1cd528019f,2017-10-27T10:16:19.000Z,0.00059,0x4c089456d94898f430ab5e2fb2b071eb1adf7864,sell,0x07e3c70653548b04f0a75970c1f81b4cbbfb606f,0xa49bd38f54fcf7fe9b8fdfc7f3f65ad27bec5b84e8d70ae236b9ed7c9761d035
135,900,0.531,0x752e9344f86f5d513fab27e50e76ff1cd528019f,2017-10-27T10:11:58.000Z,0.00059,0xff87cd5e0ec35908b942c1b072f8f605c7c1a31c,sell,0x07e3c70653548b04f0a75970c1f81b4cbbfb606f,0xb70ec882d48738a5c2de27355f736f2738271e84517183f2f1a8d315056c35ea
136,15.452,0.00919394,0x752e9344f86f5d513fab27e50e76ff1cd528019f,2017-10-27T10:09:02.000Z,0.000595,0x4c089456d94898f430ab5e2fb2b071eb1adf7864,sell,0x07e3c70653548b04f0a75970c1f81b4cbbfb606f,0x4c72050fab63262d73584f19da6c360a8a9b3b8f2b3abd02f1488686f37b86fe
137,4984.547901505333,2.9658060013956735,0x752e9344f86f5d513fab27e50e76ff1cd528019f,2017-10-27T09:54:00.000Z,0.000595,0x65f2dddf638c7a7118b22d610c9aeba141f2467f,sell,0x07e3c70653548b04f0a75970c1f81b4cbbfb606f,0xb0123ab2601c2da980a67f57ddef7a5a034ef6035b12df7f3e6088026d7aa3e5
138,5000,2.925,0x65f2dddf638c7a7118b22d610c9aeba141f2467f,2017-10-27T09:54:00.000Z,0.000585,0xe736e8428a83f169a50e808070bb2cd2a01f3feb,buy,0x07e3c70653548b04f0a75970c1f81b4cbbfb606f,0xb0123ab2601c2da980a67f57ddef7a5a034ef6035b12df7f3e6088026d7aa3e5
139,669.984,0.39194064,0x752e9344f86f5d513fab27e50e76ff1cd528019f,2017-10-27T09:29:56.000Z,0.000585,0x273a5d3e6721b9f5c1a6474f560c1334c63dda01,sell,0x07e3c70653548b04f0a75970c1f81b4cbbfb606f,0xa3da5df1f0e0934c72d6c707937cdaf93c867d276c11336686eb96b6bd5197e6
140,672,0.337344,0x273a5d3e6721b9f5c1a6474f560c1334c63dda01,2017-10-27T09:29:56.000Z,0.000502,0xa805db026319dfe8052bf1dc6fdac396be3f05fe,buy,0x07e3c70653548b04f0a75970c1f81b4cbbfb606f,0xa3da5df1f0e0934c72d6c707937cdaf93c867d276c11336686eb96b6bd5197e6
141,798.7705851195095,0.40098283372999377,0x1eaa18a0e964d346f2b5182be3f97d7aab5145b9,2017-10-27T05:40:03.000Z,0.000502,0x92058090849bd7b27ed7d7225c244e29146d0f28,sell,0x07e3c70653548b04f0a75970c1f81b4cbbfb606f,0xc6f3f58ab58c20ff7d0cd38ab351a9930640dec28afcec019771143a518a0bc5
142,395.5,0.198541,0x1eaa18a0e964d346f2b5182be3f97d7aab5145b9,2017-10-27T04:40:25.000Z,0.000502,0x798ffd96fd0bb7358d326a54a59dec04fbaa78bd,sell,0x07e3c70653548b04f0a75970c1f81b4cbbfb606f,0xf4ec2ebeca58bb0ea46cab5d78e452d01c7d489829c6a2762d8a0575dd4dd4ab
143,35,0.01757,0x1eaa18a0e964d346f2b5182be3f97d7aab5145b9,2017-10-27T04:19:09.000Z,0.000502,0x5f643fff3f0d5606468beb8423a2979aad314ff9,sell,0x07e3c70653548b04f0a75970c1f81b4cbbfb606f,0xa96d6c747abc9b179ad80941d7714c04438a3f902988aaf226378db450d542d4
144,988.4366234672515,0.49619518498056026,0x1eaa18a0e964d346f2b5182be3f97d7aab5145b9,2017-10-27T03:08:40.000Z,0.000502,0x7309c7fe59e087f746ad8957881477a7f052e824,sell,0x07e3c70653548b04f0a75970c1f81b4cbbfb606f,0xa3d47b3ddeae02040a1691034553432e5ca93dcae929876ca383fb0636855d5f
145,3000,1.509,0xfbf7dc0756a9768d0c71aea5f8421f3b1eaee7d1,2017-10-27T03:06:27.000Z,0.000503,0x7309c7fe59e087f746ad8957881477a7f052e824,sell,0x07e3c70653548b04f0a75970c1f81b4cbbfb606f,0xda65c6f30b30c55288d2949a159be6735a978b0f62198b615348e8d8c0545bc0
146,69,0.0345,0xe3626c4490f5e71a89bc6dc81cebed366e3a4952,2017-10-27T02:50:57.000Z,0.0005,0x7309c7fe59e087f746ad8957881477a7f052e824,buy,0x07e3c70653548b04f0a75970c1f81b4cbbfb606f,0x97e687072b234d248127fa8554cfc331397eb01b5cd094c1073d18b1dce6fa2c
147,252.741,0.13648014,0x6edff612c6640bf5fc60b2158297b8ffdd5437dc,2017-10-27T02:05:06.000Z,0.00054,0x7309c7fe59e087f746ad8957881477a7f052e824,sell,0x07e3c70653548b04f0a75970c1f81b4cbbfb606f,0xb300d046d1f75b05a47c40d731659e286e699cd5503047ef0b1a492fede3174b
148,210.32951734285004,0.10558541770611071,0x1eaa18a0e964d346f2b5182be3f97d7aab5145b9,2017-10-27T00:02:27.000Z,0.000502,0x97e0ae66e9c4814acf138a5548e091d72d233972,sell,0x07e3c70653548b04f0a75970c1f81b4cbbfb606f,0xd111d488a7f984425a6cd9c116ea502b78134eb1e1156c4afb7f01437334275a
149,1500,0.825,0x49dc235474e153367b593cab41b56dff301fbea0,2017-10-27T00:00:23.000Z,0.00055,0x97e0ae66e9c4814acf138a5548e091d72d233972,sell,0x07e3c70653548b04f0a75970c1f81b4cbbfb606f,0x337f1bb97d9353ebe716052615f6b540d5f150c564aff428673d1ab6a615cdee
150,640,0.3552,0x4c089456d94898f430ab5e2fb2b071eb1adf7864,2017-10-26T23:59:43.000Z,0.000555,0x97e0ae66e9c4814acf138a5548e091d72d233972,sell,0x07e3c70653548b04f0a75970c1f81b4cbbfb606f,0x5785a9d4cddd3b39ef03d8d8d75282a453289cef4f175fedfd778bb1617fda0f
151,317.517,0.17780952,0x49dc235474e153367b593cab41b56dff301fbea0,2017-10-26T23:58:33.000Z,0.00056,0x97e0ae66e9c4814acf138a5548e091d72d233972,sell,0x07e3c70653548b04f0a75970c1f81b4cbbfb606f,0x755c30d233edbbbedf341937ee50a24e832f55bf3c84303913aff4fa0e10cb13
152,5000,2.75,0x6edff612c6640bf5fc60b2158297b8ffdd5437dc,2017-10-26T23:56:19.000Z,0.00055,0x97e0ae66e9c4814acf138a5548e091d72d233972,sell,0x07e3c70653548b04f0a75970c1f81b4cbbfb606f,0x49b14d8798223a50e5f535af28ec0530ca24b15e941ff14fc6ea0048868c6ddc
153,432.48281657631344,0.24219037728273551,0x49dc235474e153367b593cab41b56dff301fbea0,2017-10-26T22:47:43.000Z,0.00056,0x9f70303e056d4800e08888a9177025b8f851ad58,sell,0x07e3c70653548b04f0a75970c1f81b4cbbfb606f,0xa09a49307c39840c28ee22c26b0c67620c2b9faa2f0d382b9668d94a40ab0b17
154,912.393,0.51094008,0xaa7fb9df6a5ad7cc14f071d02d7521629275fffc,2017-10-26T22:46:43.000Z,0.00056,0x9f70303e056d4800e08888a9177025b8f851ad58,sell,0x07e3c70653548b04f0a75970c1f81b4cbbfb606f,0x413d7b85df799db7ac02a05e963d6807d40efa46c6174866f4b7ea013fa07f8e
155,550,0.30800055,0x49dc235474e153367b593cab41b56dff301fbea0,2017-10-26T22:46:25.000Z,0.000560001,0x9f70303e056d4800e08888a9177025b8f851ad58,sell,0x07e3c70653548b04f0a75970c1f81b4cbbfb606f,0xad44f39fcb9d8515d7c1837a959d3971de8127f0ff8f49578a5e669ef3515d7e
156,200,0.1120002,0x49dc235474e153367b593cab41b56dff301fbea0,2017-10-26T22:29:46.000Z,0.000560001,0xff87cd5e0ec35908b942c1b072f8f605c7c1a31c,sell,0x07e3c70653548b04f0a75970c1f81b4cbbfb606f,0xda23afadad204db2a1732d5552e31dfc46ce2ee07731a96045ba0a9174c3b73f
157,0.9969095803010667,0.000558269364968597,0xaa7fb9df6a5ad7cc14f071d02d7521629275fffc,2017-10-26T21:29:31.000Z,0.0005599999999999996,0xb4c432a9559a4f1464d2bff9fcbbdc14f1c39dec,sell,0x07e3c70653548b04f0a75970c1f81b4cbbfb606f,0x7ae7e73ad2b2f37b8bc1a2d36102f67127c27e1893a96b5b612ea2639191c731
158,2000,1.2,0x50d5ceb8f482a078c98b9354944cc72a6a3f7e4d,2017-10-26T20:13:14.000Z,0.0006,0xb69a26abbc164f3eab04ef9a6787667bf24e197e,sell,0x07e3c70653548b04f0a75970c1f81b4cbbfb606f,0x5b0774302287caddab266e9a43aad23f6545c9969a828edc9ad6c3ee8bffd095
159,1025.9946205750352,0.6155967723450212,0x9da7ad646dc636de4bbc54ece8723a2bc346ca36,2017-10-26T20:13:10.000Z,0.0006,0xb69a26abbc164f3eab04ef9a6787667bf24e197e,sell,0x07e3c70653548b04f0a75970c1f81b4cbbfb606f,0x169e896af79cab07216f2dd2cbe4b00629e4b06cb194d5384ea514aa8b609194
160,1246.239024659182,0.7477434147955091,0x9da7ad646dc636de4bbc54ece8723a2bc346ca36,2017-10-26T19:46:39.000Z,0.0006,0x21c327be593fc6d52a87389a4323084cb0a2ce95,sell,0x07e3c70653548b04f0a75970c1f81b4cbbfb606f,0x9d376ebe2f0010cbf01f9f0030db758518b23f533f7dc2328661633c93e72fc1
161,598.14574818064,0.35888744890838403,0x9da7ad646dc636de4bbc54ece8723a2bc346ca36,2017-10-26T18:34:55.000Z,0.0006,0x4c089456d94898f430ab5e2fb2b071eb1adf7864,sell,0x07e3c70653548b04f0a75970c1f81b4cbbfb606f,0xb5349aea660e287accba840ba2336d9d0698e34e31dc75b797357c26a1bca11b
162,129.62060658514284,0.0777723639510857,0x9da7ad646dc636de4bbc54ece8723a2bc346ca36,2017-10-26T18:23:50.000Z,0.0006,0x47033e533bf5a5d18b4cea5c81b3c566071d710e,sell,0x07e3c70653548b04f0a75970c1f81b4cbbfb606f,0x8cc8d6d5f108e817f049e9190f3f320955a5081a103a105959aa4dde4f40492b
163,2056,1.231544,0x6edff612c6640bf5fc60b2158297b8ffdd5437dc,2017-10-26T17:33:01.000Z,0.000599,0x82be7538aab3ee7b1e3993f798be700f6110e857,buy,0x07e3c70653548b04f0a75970c1f81b4cbbfb606f,0x45c503be41c52cebecbc2e23e6c8be8c1664be9617e536a79ae0df7dfef5491b
164,707,0.423493,0x6edff612c6640bf5fc60b2158297b8ffdd5437dc,2017-10-26T17:33:01.000Z,0.000599,0xc64608a89c5dd8ce828fb05ab2f09a353d1b0b86,buy,0x07e3c70653548b04f0a75970c1f81b4cbbfb606f,0x345a18de23ca5355252a31a0dca1460e359a4e86606b1e33980fb6612f3ea681
165,1685.96,0.927278,0x6edff612c6640bf5fc60b2158297b8ffdd5437dc,2017-10-26T16:58:29.000Z,0.00055,0xdbe4ec102eb8713ef652a471cd0ca0927d2f971f,buy,0x07e3c70653548b04f0a75970c1f81b4cbbfb606f,0xb5a11a3584ae95f38f180efc472adf4048af5215834cff36c8f6807e2cf6b520
166,1500,0.825,0x4454847b528907f6819a6696491370060a37e5d0,2017-10-26T15:24:27.000Z,0.00055,0x9f70303e056d4800e08888a9177025b8f851ad58,buy,0x07e3c70653548b04f0a75970c1f81b4cbbfb606f,0xdf6ab33386ed891651b4df81276e6bda0afd0d83a1a99c2480ec9ae8fc99830d
167,6347.078,3.42742212,0xd1ac1bdb424b381f13c49859b1cf871ec4542a74,2017-10-26T13:51:15.000Z,0.00054,0xe736e8428a83f169a50e808070bb2cd2a01f3feb,buy,0x07e3c70653548b04f0a75970c1f81b4cbbfb606f,0x1e40bb09d95ccd52e754f3f8f467f36db8d2929f4197e1f41d4cc360fcdf5496
168,1029.1828770868258,0.5660505823977542,0x9da7ad646dc636de4bbc54ece8723a2bc346ca36,2017-10-26T12:52:35.000Z,0.00055,0xff87cd5e0ec35908b942c1b072f8f605c7c1a31c,sell,0x07e3c70653548b04f0a75970c1f81b4cbbfb606f,0xa35bb77b166c4e0f4f29f554db249c84ebab511af2d870b3055812e625297ae1
169,421.6927524673512,0.23193101385704318,0x9da7ad646dc636de4bbc54ece8723a2bc346ca36,2017-10-26T12:33:48.000Z,0.00055,0xc5ff06991dbaf57bef6dd7a75056e62b7a2383fb,sell,0x07e3c70653548b04f0a75970c1f81b4cbbfb606f,0x29e81ffccdcb42c2e2ad7eff49d4baf348319a53b2a6ac4028ea883868fc743c
170,423,0.232227,0xc5ff06991dbaf57bef6dd7a75056e62b7a2383fb,2017-10-26T12:33:48.000Z,0.000549,0x5b5dfd36d43a438f06060ca1ab5f5535b20518dc,buy,0x07e3c70653548b04f0a75970c1f81b4cbbfb606f,0x29e81ffccdcb42c2e2ad7eff49d4baf348319a53b2a6ac4028ea883868fc743c
171,49.124370445822976,0.027018403745202636,0x9da7ad646dc636de4bbc54ece8723a2bc346ca36,2017-10-26T12:14:46.000Z,0.00055,0x1fdf047bf7a114b37e7936d01e9cad754ad18803,sell,0x07e3c70653548b04f0a75970c1f81b4cbbfb606f,0x1856cb02c90a1ba86e2bb5017878e706ea7d0295548fb85d4c92a1e6fec10e59
172,1500,0.825,0x9da7ad646dc636de4bbc54ece8723a2bc346ca36,2017-10-26T11:25:10.000Z,0.00055,0x1fdf047bf7a114b37e7936d01e9cad754ad18803,sell,0x07e3c70653548b04f0a75970c1f81b4cbbfb606f,0x72b46b87ccd2b74d47fbd3877f1c857ee862411ded51c57f5a737c7cd4d362d5
173,1500,0.825,0x9da7ad646dc636de4bbc54ece8723a2bc346ca36,2017-10-26T08:56:51.000Z,0.00055,0x1fdf047bf7a114b37e7936d01e9cad754ad18803,sell,0x07e3c70653548b04f0a75970c1f81b4cbbfb606f,0xdd8c3359340aa1b4d28b92eff2c263f6b8000cb50eac42d8a120aaadc4721984
174,375,0.20625,0x9778550d76b07ac9f5e57392f68ecdf6efc1774e,2017-10-26T03:32:06.000Z,0.00055,0xca3c0f39da176f7fd79734b8c0ad9baf16cc6a04,buy,0x07e3c70653548b04f0a75970c1f81b4cbbfb606f,0x164aaf7b3d51f506f16e1eaeeb5e03056213b0170fe3b16d92a98a4a4487994a
175,3000,1.695,0x9778550d76b07ac9f5e57392f68ecdf6efc1774e,2017-10-26T03:30:59.000Z,0.000565,0x9c232158b5e0f9a23bf9a399cd9197c7f131d13b,buy,0x07e3c70653548b04f0a75970c1f81b4cbbfb606f,0x48a24055d142d320ba656c061fa882601130c57c505a657c5f8d218e01b8d6e5
176,9.969095803010667,0.004436247632339746,0x009a12d4290630bc01fd82516ac57c1dc6a9bcfb,2017-10-26T01:24:16.000Z,0.0004449999999999999,0x1c5306136f864c3035338ddc5006c3d901dd3ca9,sell,0x07e3c70653548b04f0a75970c1f81b4cbbfb606f,0x3a302c094448337bb8e99d9e2e5f9a9c78ad3e2596f14e179b1cbfddb4fbc2b1
177,160,0.070416,0x5efbf01053ad62c68b85b119b6a77e1b3db94b2b,2017-10-26T00:05:59.000Z,0.0004401,0x5a42d284a84740d19b1aed1b09d9fefd2eec4692,sell,0x07e3c70653548b04f0a75970c1f81b4cbbfb606f,0x9c37b8088a1dda667e4be563a947e77e96eddb569b3e0d669c1ca5ad91414908
178,89.08288518365056,0.03919646948080625,0x1fdf047bf7a114b37e7936d01e9cad754ad18803,2017-10-26T00:05:59.000Z,0.00044,0x5a42d284a84740d19b1aed1b09d9fefd2eec4692,sell,0x07e3c70653548b04f0a75970c1f81b4cbbfb606f,0xb1f41fb438021c9a9ccb61fd349d51451f49eb539779b953e7a68bbf64c8f9e9
179,130,0.0572,0x47033e533bf5a5d18b4cea5c81b3c566071d710e,2017-10-26T00:05:59.000Z,0.00044,0x5a42d284a84740d19b1aed1b09d9fefd2eec4692,sell,0x07e3c70653548b04f0a75970c1f81b4cbbfb606f,0x9b398cb2d8c48e9596585aaaf5b1521a2f92e0b00f10856b41ae9fc6ed2b89e3
180,410.91711481634945,0.18080353051919376,0x1fdf047bf7a114b37e7936d01e9cad754ad18803,2017-10-25T23:43:06.000Z,0.00044,0x1ed014aec47fae44c9e55bac7662c0b78ae61798,sell,0x07e3c70653548b04f0a75970c1f81b4cbbfb606f,0x45f0717868fde49f6e2da74339793fdcd53c7add5d323ba686b2bf68d7ce78b4
181,1608.9998696349317,0.6967130335506218,0xc3185ab9e5291eb9dfb92547f187be6d53a54b59,2017-10-25T21:48:44.000Z,0.00043301,0xebbf00918819af588274b40bf236847b1cd5575d,sell,0x07e3c70653548b04f0a75970c1f81b4cbbfb606f,0x56d4c22c3f24d81ea526c1d52993370ac42d69b7d956042120a8033ce56662e1
182,2000,0.96,0xc3185ab9e5291eb9dfb92547f187be6d53a54b59,2017-10-25T20:55:24.000Z,0.00048,0x552ffd1a0de671e211cb4a3e82a2f7f19996cec8,sell,0x07e3c70653548b04f0a75970c1f81b4cbbfb606f,0xb031b5e280de6201f5eadf11b92c5b78acb97d2198cb33f2973da0fc15853d47
183,10227,4.919187,0xee29c86b429f4137bf7c2079f15218009f4d0594,2017-10-25T20:55:04.000Z,0.000481,0x552ffd1a0de671e211cb4a3e82a2f7f19996cec8,sell,0x07e3c70653548b04f0a75970c1f81b4cbbfb606f,0xf1b844ae574051665d07a5fbc918841ff5eac88ba782842f34c59f33932ea7cd
184,1920.228,0.9257419188,0x9c232158b5e0f9a23bf9a399cd9197c7f131d13b,2017-10-25T20:55:04.000Z,0.0004821,0x552ffd1a0de671e211cb4a3e82a2f7f19996cec8,sell,0x07e3c70653548b04f0a75970c1f81b4cbbfb606f,0xdf1f61dccf839e7c56d9a76aba9008373549e3d74648520d5866ca0f4e3bfbba
185,1079.771707706111,0.5205579402851161,0x9c232158b5e0f9a23bf9a399cd9197c7f131d13b,2017-10-25T20:26:33.000Z,0.0004821,0xe4c4ad01a17f72963aafe6a78842232423f27923,sell,0x07e3c70653548b04f0a75970c1f81b4cbbfb606f,0x9d4f7595729e026045dfe22630c7d9e72e1522d82b49a9a5b08f4e1bba1f51e0
186,440.402,0.2296256028,0x2e5502bf06ff365b7f9bd45c6343c45525134319,2017-10-25T19:40:48.000Z,0.0005214,0x1fdf047bf7a114b37e7936d01e9cad754ad18803,sell,0x07e3c70653548b04f0a75970c1f81b4cbbfb606f,0xc6e60806ae1c442ac7cc36af286d31c989079a7928ddd6ef856154b6bc7d58b5
187,662.9448709002094,0.34565945568736917,0x2e5502bf06ff365b7f9bd45c6343c45525134319,2017-10-25T17:38:40.000Z,0.0005214,0xe5f80b82b325740196728fdc27130ce20166cc43,sell,0x07e3c70653548b04f0a75970c1f81b4cbbfb606f,0x2f89265b6c2d237d86b1ac4e6df880b3fc9ef61c938fc1d664fcd44091a308e1
188,40.42679053603616,0.021078528585489253,0x2e5502bf06ff365b7f9bd45c6343c45525134319,2017-10-25T15:47:45.000Z,0.0005214,0x2818820241f5c241a2db62496e0a6e4fe95265c7,sell,0x07e3c70653548b04f0a75970c1f81b4cbbfb606f,0xac054a79367a300acfab0d9bb0d0ccf4e42e99e2a0c6d01bd7329eecfa6f90a8
189,441.2259861766894,0.23005522919252583,0x2e5502bf06ff365b7f9bd45c6343c45525134319,2017-10-25T15:46:14.000Z,0.0005214,0xd42e7a3f3b5808b8b3b8ca2d9ebd39afa9e4294e,sell,0x07e3c70653548b04f0a75970c1f81b4cbbfb606f,0x9a63e81a238c27d19a2eea9c6ec5a8ef6b328768735c2992813193ee509eb416
190,1072.3411794884369,0.5147237661544497,0xc3185ab9e5291eb9dfb92547f187be6d53a54b59,2017-10-25T11:37:50.000Z,0.00048,0x4454847b528907f6819a6696491370060a37e5d0,sell,0x07e3c70653548b04f0a75970c1f81b4cbbfb606f,0x05520c60e1c1db81dbaea7e15ee1bf1afa2e2a9b0b744e54c36dd63e25e31484
191,8295.395811446017,3.898836031379628,0xee29c86b429f4137bf7c2079f15218009f4d0594,2017-10-25T10:12:02.000Z,0.00047,0x0e1af8b8b7dc74106a529d2103646e09a8c75424,sell,0x07e3c70653548b04f0a75970c1f81b4cbbfb606f,0xc589317b1fadcc09a2d057e125f49940de4804d981387a04cf96dcc0801c7fbf
192,134,0.06298,0xee29c86b429f4137bf7c2079f15218009f4d0594,2017-10-25T09:34:22.000Z,0.00047,0x0fe614ffea49095e98e6cb5cbd589f5455bf0f02,sell,0x07e3c70653548b04f0a75970c1f81b4cbbfb606f,0x1255d3bc0177cd01b54d7490737a9b68156f81cda4d2b54371987099a0b74545
193,1075.665437144851,0.4840494467151829,0x4454847b528907f6819a6696491370060a37e5d0,2017-10-25T08:54:10.000Z,0.00045,0x78e427d9a3e8bf9a62897e3428ea1530ba2ac0ab,sell,0x07e3c70653548b04f0a75970c1f81b4cbbfb606f,0xa076c0ed9883d70d6e349b45a5a61046043733fff1361ac06a6a14f98fdd8b70
194,0.503587828293242,0.000217550445410508,0x49dc235474e153367b593cab41b56dff301fbea0,2017-10-25T08:11:04.000Z,0.0004320009999999983,0xba73e19cb1490d4dc977c7156121c2e2245adaf7,sell,0x07e3c70653548b04f0a75970c1f81b4cbbfb606f,0xe3dca6cbd3628bfc0449dec01b0488536000f3bf273021fadfba8bb32a3803fb
195,5051.48950560951,2.1822434664233086,0x009a12d4290630bc01fd82516ac57c1dc6a9bcfb,2017-10-25T08:09:22.000Z,0.000432,0xba73e19cb1490d4dc977c7156121c2e2245adaf7,sell,0x07e3c70653548b04f0a75970c1f81b4cbbfb606f,0x81bb461a58deaf2cbe462d72b918cfca98a21eba3149652ac06c4e7e846ba764
196,0.5592662745488984,0.000241603030605124,0x009a12d4290630bc01fd82516ac57c1dc6a9bcfb,2017-10-25T06:30:33.000Z,0.00043199999999999977,0xd1a05030476e689de36da182d26bf44de2beaade,sell,0x07e3c70653548b04f0a75970c1f81b4cbbfb606f,0xf1196c320e71cb0d7a28d8b3b02f17d69e1345143c1797f4ec889e0a0128f509
197,1209,0.522288,0x009a12d4290630bc01fd82516ac57c1dc6a9bcfb,2017-10-25T06:29:42.000Z,0.000432,0xd1a05030476e689de36da182d26bf44de2beaade,sell,0x07e3c70653548b04f0a75970c1f81b4cbbfb606f,0xb28b82717dcb69dd9bd6e4a821af9318f788ce8b62f2e2362a440aa09573ac91
198,6653.09,3.52614435309,0xc3185ab9e5291eb9dfb92547f187be6d53a54b59,2017-10-24T21:41:44.000Z,0.000530001,0xfe64d55eda7da553e4baef666503ccb081ab3cd9,sell,0x07e3c70653548b04f0a75970c1f81b4cbbfb606f,0x33f4c2570cee926b4eb3ca363afa80dc66a4cf4f63d7aad6b52e5ae9a1e5479f
199,996.9095803010667,0.5283630744691457,0xc3185ab9e5291eb9dfb92547f187be6d53a54b59,2017-10-24T21:01:34.000Z,0.000530001,0x752f52c9c7da12dee0d2a5d00e065c29a486f1d3,sell,0x07e3c70653548b04f0a75970c1f81b4cbbfb606f,0x560807815331864e2a5e29aca6d35db1c939e9dea77469ae2f41ec2b4b00729a
200,1000,0.565,0xc3185ab9e5291eb9dfb92547f187be6d53a54b59,2017-10-24T18:39:36.000Z,0.000565,0x757ca85df7b749abed2165368f534acd5e128a14,buy,0x07e3c70653548b04f0a75970c1f81b4cbbfb606f,0x8afe1d30a8d77e2cbabc8a2289d5823ae3b71218c15dd24fc3d9f479007c0fce
201,3715.563,2.103008658,0xc3185ab9e5291eb9dfb92547f187be6d53a54b59,2017-10-24T18:39:36.000Z,0.000566,0x757ca85df7b749abed2165368f534acd5e128a14,buy,0x07e3c70653548b04f0a75970c1f81b4cbbfb606f,0xb8944dedc42afc57d9b6d8cbff89fece11e9c22b259b0283bd1a298e9f670cb4
202,5000,2.805,0xc3185ab9e5291eb9dfb92547f187be6d53a54b59,2017-10-24T18:39:36.000Z,0.000561,0x9c232158b5e0f9a23bf9a399cd9197c7f131d13b,buy,0x07e3c70653548b04f0a75970c1f81b4cbbfb606f,0xb49c82879433c164b04565d564f54afa8108b74524dcba7faa14bf69b21725be
203,36.827,0.0208035723,0xc3185ab9e5291eb9dfb92547f187be6d53a54b59,2017-10-24T18:39:36.000Z,0.0005649,0x254725732926fe73ab16ba7974a7ccbc5aa7f760,buy,0x07e3c70653548b04f0a75970c1f81b4cbbfb606f,0xe95db0104135bdbd16a0ec38439a288da076cfa47db33732791af8cd286766f5
204,182.54650964415055,0.1022260454007243,0xc3185ab9e5291eb9dfb92547f187be6d53a54b59,2017-10-24T18:38:46.000Z,0.00056,0x757ca85df7b749abed2165368f534acd5e128a14,buy,0x07e3c70653548b04f0a75970c1f81b4cbbfb606f,0x65150a3fbf645764e6ee5dee4c3a2bffc675fd80dedd92588136462665ecaada
205,94.20979818850446,0.04993119303990737,0xc3185ab9e5291eb9dfb92547f187be6d53a54b59,2017-10-24T18:38:30.000Z,0.00053,0x3820a026899f0718188930cabb95b1034c194c4a,buy,0x07e3c70653548b04f0a75970c1f81b4cbbfb606f,0x7b09862f60b6a818622660e7163acdc27c8858d0dc803a9602d99c82068aa0f9
206,500,0.2795,0xc3185ab9e5291eb9dfb92547f187be6d53a54b59,2017-10-24T18:38:27.000Z,0.000559,0x1fdf047bf7a114b37e7936d01e9cad754ad18803,buy,0x07e3c70653548b04f0a75970c1f81b4cbbfb606f,0x10756c2a2c5425e95e665e473e012ffe00c0e9511146e102c4769fc3b98648f6
207,0.9252018114955377,0.000490356960092635,0xc3185ab9e5291eb9dfb92547f187be6d53a54b59,2017-10-24T18:38:03.000Z,0.00053,0x3820a026899f0718188930cabb95b1034c194c4a,buy,0x07e3c70653548b04f0a75970c1f81b4cbbfb606f,0x5c054cb70363a13791b38f4ed9b3adb02423972eb50d77b1230759af83e6a276
208,1535,0.81355,0xee29c86b429f4137bf7c2079f15218009f4d0594,2017-10-24T18:37:23.000Z,0.00053,0x7cad80681ffd75f23ea4dca89c010b4606aa512a,sell,0x07e3c70653548b04f0a75970c1f81b4cbbfb606f,0x3437e164716e2d5ee314254537f1d0df9e9ac61d54d69b8ff9d20a58e81fae41
209,100,0.053,0x7f0285fc2e7f5f5d48a4d5c1b567f338b1c4f496,2017-10-24T18:33:48.000Z,0.00053,0x3820a026899f0718188930cabb95b1034c194c4a,buy,0x07e3c70653548b04f0a75970c1f81b4cbbfb606f,0xda35a61c905c767219a852e02a48ca2f880c4c43bbb0cad46803e2780aaffaf3
210,398.72942967237594,0.21132659772635926,0xee29c86b429f4137bf7c2079f15218009f4d0594,2017-10-24T17:43:39.000Z,0.00053,0x3dee4a4e076e8d82859d241db0baf46f112cfa23,sell,0x07e3c70653548b04f0a75970c1f81b4cbbfb606f,0x6ac9418a4f9c82b34168fe7943a4b2ed72c28b3f851d4f83fac207311972fb38
211,166.9070106033871,0.08846071561979517,0xee29c86b429f4137bf7c2079f15218009f4d0594,2017-10-24T16:00:50.000Z,0.00053,0xdd6f11b59e8a15a9c3a0636d3d008c7759cb0aa3,sell,0x07e3c70653548b04f0a75970c1f81b4cbbfb606f,0xc62e2eab991b5d9137d8e390fa95fade56faa077e701d6c042477a5a49108bf0
212,4236.865716279533,2.2455388296281527,0xee29c86b429f4137bf7c2079f15218009f4d0594,2017-10-24T15:17:18.000Z,0.00053,0x7fb91464a1ab0eb9ed226304d4dadb76f7109543,sell,0x07e3c70653548b04f0a75970c1f81b4cbbfb606f,0x0cdf7b2a68d3e6e711b3c35bd36dc2cb329ef967f8a78911d6aac96e5b2ae9f4
213,817.4534903558495,0.45777395459927567,0xcb20cfcd83997bdb2fe5d75b7c5a4d075171bec6,2017-10-24T14:44:29.000Z,0.00056,0x757ca85df7b749abed2165368f534acd5e128a14,buy,0x07e3c70653548b04f0a75970c1f81b4cbbfb606f,0xd23adb55bc1fc3e7037c3c00221f0a3a7a7a4c6b63a16babae4c52dd9ba66228
214,892.042,0.49954352,0xcb20cfcd83997bdb2fe5d75b7c5a4d075171bec6,2017-10-24T14:42:44.000Z,0.00056,0x49dc235474e153367b593cab41b56dff301fbea0,buy,0x07e3c70653548b04f0a75970c1f81b4cbbfb606f,0x39df1b0d9fb35f72359dba1bc264aaedd976f28ec8224f01625e21948315570f
215,1197.9855862403797,0.6529021445010069,0xe723b44adeba0306e27360a9f515a83457990476,2017-10-24T13:12:29.000Z,0.000545,0xa28b44c3e2c56f5756d2c8cf2aa7b7db6e4ad024,buy,0x07e3c70653548b04f0a75970c1f81b4cbbfb606f,0xf197d25d2d6a513a0dc96aac225e06c1719c9be036a278d2c1769b055e42c24c
216,415.759,0.226172896,0xe723b44adeba0306e27360a9f515a83457990476,2017-10-24T13:10:08.000Z,0.000544,0x1eaa18a0e964d346f2b5182be3f97d7aab5145b9,buy,0x07e3c70653548b04f0a75970c1f81b4cbbfb606f,0xd1dc083cb3f3833ad7659e75952d5d4b9195ccf13d1dd8e719a29c1ac17fb28d
217,260,0.14169974,0xe723b44adeba0306e27360a9f515a83457990476,2017-10-24T13:10:08.000Z,0.000544999,0x49dc235474e153367b593cab41b56dff301fbea0,buy,0x07e3c70653548b04f0a75970c1f81b4cbbfb606f,0x8c7e90bb34250358ca7c6da46a940d541e7d4eac6b982cdb2822f8e102543478
218,6.24097,0.00339508768,0xe723b44adeba0306e27360a9f515a83457990476,2017-10-24T12:23:00.000Z,0.000544,0x1eaa18a0e964d346f2b5182be3f97d7aab5145b9,buy,0x07e3c70653548b04f0a75970c1f81b4cbbfb606f,0xfe0caec3d4d9be23cf984172f5f5da939b8f877fcbef3c0ac964aa7fb4db2732
219,9.979034090123628,0.004191194317851923,0xcb20cfcd83997bdb2fe5d75b7c5a4d075171bec6,2017-10-24T12:11:52.000Z,0.00041999999999999996,0x628f3511b9bfdf0e038fc42de38b3d170a272b24,sell,0x07e3c70653548b04f0a75970c1f81b4cbbfb606f,0x01cb6614a34be0cf30eea660d5d56eddf592d1696bf26b001d0e0c060c9a049a
220,10,0.00544,0x628f3511b9bfdf0e038fc42de38b3d170a272b24,2017-10-24T12:09:20.000Z,0.000544,0x1eaa18a0e964d346f2b5182be3f97d7aab5145b9,buy,0x07e3c70653548b04f0a75970c1f81b4cbbfb606f,0x63449874d67f7c55d77f68b0a7edccf83dd0ba08aa7c3803f98e0f88a7166a8c
221,6235.26,2.50657452,0x9778550d76b07ac9f5e57392f68ecdf6efc1774e,2017-10-24T09:57:39.000Z,0.000402,0x724bf8549abf4fb768ede8a525d8e4ff43c2a352,buy,0x07e3c70653548b04f0a75970c1f81b4cbbfb606f,0x73c10c9db15bc101f38573e9b0ea41c220f6ee94b9d9377ccf2c5a083187817d
222,399.79602796341476,0.16071840303732068,0x3dee4a4e076e8d82859d241db0baf46f112cfa23,2017-10-24T09:31:01.000Z,0.000402001,0x009a12d4290630bc01fd82516ac57c1dc6a9bcfb,sell,0x07e3c70653548b04f0a75970c1f81b4cbbfb606f,0xc6a5754b7637595767f25d0491ffacf7bace310a151b03edeb9f391d32d2d86c
223,888.9257729883143,0.36001493806026724,0x49dc235474e153367b593cab41b56dff301fbea0,2017-10-24T08:27:09.000Z,0.000405,0x009a12d4290630bc01fd82516ac57c1dc6a9bcfb,sell,0x07e3c70653548b04f0a75970c1f81b4cbbfb606f,0xbbc1af1145296f0d24772383561fc853b4eab325be4f3e736c795973d3edb705
224,1292.6278536536736,0.5222216528760841,0x009a12d4290630bc01fd82516ac57c1dc6a9bcfb,2017-10-24T07:19:28.000Z,0.000404,0x0195096330ceb15821a1ff02a265c2978814ffda,sell,0x07e3c70653548b04f0a75970c1f81b4cbbfb606f,0x7726e84a68fc21ffa68cbcb6e7762d0d056714b76f443a61d20abb47935be097
225,0.018239327274115567,0.00000731397023692,0x1eaa18a0e964d346f2b5182be3f97d7aab5145b9,2017-10-24T02:30:16.000Z,0.0004009999999999813,0x1fccbf9e9b255d5cafc7428ea38aba53a5f3e992,sell,0x07e3c70653548b04f0a75970c1f81b4cbbfb606f,0x4920e7d63ce000285ce512824fbb11e849252c7b97f866bfce6aad475be62a8b
226,182.9586918866532,0.07336643544654795,0x1eaa18a0e964d346f2b5182be3f97d7aab5145b9,2017-10-24T02:28:37.000Z,0.000401,0x1fccbf9e9b255d5cafc7428ea38aba53a5f3e992,sell,0x07e3c70653548b04f0a75970c1f81b4cbbfb606f,0x149c3e250414f3c66810186d6280365f6e5f020a4a87df48391021cdc8da44bc
227,36.82768546182139,0.015099351039346768,0x254725732926fe73ab16ba7974a7ccbc5aa7f760,2017-10-24T02:27:58.000Z,0.00041,0x1fccbf9e9b255d5cafc7428ea38aba53a5f3e992,sell,0x07e3c70653548b04f0a75970c1f81b4cbbfb606f,0x372ac01b859af9304d5da8f007e29253c0130dd5325edbca4ee9363c0d30954e
228,5000,2.075,0x9c232158b5e0f9a23bf9a399cd9197c7f131d13b,2017-10-24T02:27:32.000Z,0.000415,0x1fccbf9e9b255d5cafc7428ea38aba53a5f3e992,sell,0x07e3c70653548b04f0a75970c1f81b4cbbfb606f,0x17f43da5cfcf2d1938e4cc190e1a2fd02070f050b08e189526e2e2d1cf0882d2
229,2000,0.942002,0x3dee4a4e076e8d82859d241db0baf46f112cfa23,2017-10-24T02:24:17.000Z,0.000471001,0x1fccbf9e9b255d5cafc7428ea38aba53a5f3e992,sell,0x07e3c70653548b04f0a75970c1f81b4cbbfb606f,0x2f10f421e9689e8f7aaca62a208521ec4c6c11c3982bc26271053fd5bc719f3d
230,33.12558168350265,0.015936717347933126,0x21c327be593fc6d52a87389a4323084cb0a2ce95,2017-10-24T02:24:17.000Z,0.0004811,0x1fccbf9e9b255d5cafc7428ea38aba53a5f3e992,sell,0x07e3c70653548b04f0a75970c1f81b4cbbfb606f,0x9a0b4d7f5b448be4666ca449ae879c70f1ac2f670866c70430b132432c670328
231,4250,2.050625,0x7fb91464a1ab0eb9ed226304d4dadb76f7109543,2017-10-24T02:24:02.000Z,0.0004825,0x1fccbf9e9b255d5cafc7428ea38aba53a5f3e992,sell,0x07e3c70653548b04f0a75970c1f81b4cbbfb606f,0x2ce46935ad7842b9cb4d0ff01614b8736c1154701c70991f6862fd624b9ae4c4
232,604.2199182534144,0.29794084169075863,0x9c232158b5e0f9a23bf9a399cd9197c7f131d13b,2017-10-24T02:23:30.000Z,0.0004931,0x1fccbf9e9b255d5cafc7428ea38aba53a5f3e992,sell,0x07e3c70653548b04f0a75970c1f81b4cbbfb606f,0xf34794cf7984b98705a707b0dacbd29982ca8e4910e46ec4dc6c126c82940f29
233,1080.8,0.53510408,0x9c232158b5e0f9a23bf9a399cd9197c7f131d13b,2017-10-24T02:22:43.000Z,0.0004951,0x1fccbf9e9b255d5cafc7428ea38aba53a5f3e992,sell,0x07e3c70653548b04f0a75970c1f81b4cbbfb606f,0x3965877de1ad95c6035101f3422634ea608af85d1e4a396bdf5a343e7524fad9
234,2580,1.41641742,0x9bf5f54e7cf004ccfa9b510b0ad78de8f0dc2ebc,2017-10-24T02:05:53.000Z,0.000548999,0x49dc235474e153367b593cab41b56dff301fbea0,buy,0x07e3c70653548b04f0a75970c1f81b4cbbfb606f,0xcd80bb96ff7cf0f709c95c731f34d6e568f7241dd96b75a16896174e8412d54f
235,980.6192310967001,0.5383589772528573,0xadbf3d3a8c3c5d3a4604eebedc5b81973b480187,2017-10-24T01:46:01.000Z,0.000548999,0x49dc235474e153367b593cab41b56dff301fbea0,buy,0x07e3c70653548b04f0a75970c1f81b4cbbfb606f,0xff2b6ce204a9cd346aeba2123c716160676b2eeff4abdd6b3e0f53684ff00a2e
236,919.199943110416,0.4550958918339669,0x9c232158b5e0f9a23bf9a399cd9197c7f131d13b,2017-10-24T01:03:39.000Z,0.0004950999999999999,0x4126b4809f749102565ab2f27347a0283794e0dc,sell,0x07e3c70653548b04f0a75970c1f81b4cbbfb606f,0xc24834b522497e5662c742fa8a8b67f977e10a07578d728bd61ac7d8fd972b20
237,500,0.25,0x1fdf047bf7a114b37e7936d01e9cad754ad18803,2017-10-24T01:02:42.000Z,0.0005,0x4126b4809f749102565ab2f27347a0283794e0dc,sell,0x07e3c70653548b04f0a75970c1f81b4cbbfb606f,0x901d6808d5fa4b6e59e7dab8e4c6aa2b8424b10875d88736575216c6c73ea7d9
238,1205.988571351886,0.602994285675943,0xcb20cfcd83997bdb2fe5d75b7c5a4d075171bec6,2017-10-24T00:57:54.000Z,0.0005,0x4126b4809f749102565ab2f27347a0283794e0dc,sell,0x07e3c70653548b04f0a75970c1f81b4cbbfb606f,0x076539d8bd5deec9fd17fbc3055ca97c939da81ac149da646382b26ac409dbb1
239,0.019,0.0000095,0xcb20cfcd83997bdb2fe5d75b7c5a4d075171bec6,2017-10-23T23:44:28.000Z,0.0005,0xd77a16bf9060878e10e97aa489256616ac097a2d,sell,0x07e3c70653548b04f0a75970c1f81b4cbbfb606f,0x98f3d5636111637726da15528f5655d0f387c2e35a10f31d64a7e400ddd694cd
240,194.99242864811393,0.09749621432405696,0xcb20cfcd83997bdb2fe5d75b7c5a4d075171bec6,2017-10-23T23:43:44.000Z,0.0005,0xd77a16bf9060878e10e97aa489256616ac097a2d,sell,0x07e3c70653548b04f0a75970c1f81b4cbbfb606f,0xf0b4c2fe67709183fa80879bab2d80a766ce07db67c1c15501189ca84e865987
241,328.84076153846155,0.170997196,0xcfd051af1ca385422346dbb8a542cedb34eaf7b0,2017-10-23T23:42:30.000Z,0.00052,0xd77a16bf9060878e10e97aa489256616ac097a2d,sell,0x07e3c70653548b04f0a75970c1f81b4cbbfb606f,0xee15b3703dfc2ca45767876c19202337de9b86b6890c60f4545f132729a89e6d
242,1776.937,0.8884685,0x49dc235474e153367b593cab41b56dff301fbea0,2017-10-23T23:42:30.000Z,0.0005,0xd77a16bf9060878e10e97aa489256616ac097a2d,sell,0x07e3c70653548b04f0a75970c1f81b4cbbfb606f,0xc05553f08da2cfefb4d71f2a5e3466c82c786cbaec749925571ea0e50b7208c8
243,45.798418023908944,0.022899209011954472,0x49dc235474e153367b593cab41b56dff301fbea0,2017-10-23T22:27:25.000Z,0.0005,0x8bd19845157c3dce37b4c984c6de4976995c4f26,sell,0x07e3c70653548b04f0a75970c1f81b4cbbfb606f,0x050d8b6760f372cd730df511c024db83ef02b6b7565822f547a29b8116967d84
244,2938.5445120127606,1.4692722560063802,0xe723b44adeba0306e27360a9f515a83457990476,2017-10-23T22:24:31.000Z,0.0005,0x8bd19845157c3dce37b4c984c6de4976995c4f26,sell,0x07e3c70653548b04f0a75970c1f81b4cbbfb606f,0x78d2dc5e3d6af9b340b0db149ed9d968752a55c256faa9c0fda7fce950da8e1b
245,2001,1.000502001,0x49dc235474e153367b593cab41b56dff301fbea0,2017-10-23T22:24:13.000Z,0.000500001,0x8bd19845157c3dce37b4c984c6de4976995c4f26,sell,0x07e3c70653548b04f0a75970c1f81b4cbbfb606f,0x99a54f6ec890f08e5969c55c99e2c3d5abc7af46023bd50530e0b323985dec6a
246,161.45548798723956,0.08072774399361977,0xe723b44adeba0306e27360a9f515a83457990476,2017-10-23T21:28:09.000Z,0.0005,0x5ccba89b73b6ed1643fd0a989fd552a6bbe0efe9,sell,0x07e3c70653548b04f0a75970c1f81b4cbbfb606f,0xf801745111fc8a0f30dff9b7b6c8015ae3ab109369c489911b2a1af79f3de24b
247,245.12198531755251,0.13236587207147835,0x4454847b528907f6819a6696491370060a37e5d0,2017-10-23T17:13:42.000Z,0.00054,0xcdfb3244f20e645777717977ea9e7de427e3be5d,sell,0x07e3c70653548b04f0a75970c1f81b4cbbfb606f,0x518d3ae3b8e46e5b46fb0c72d995744b0651d8b2b55b43bdf5feb2e3a009396e
248,805,0.4508,0x4454847b528907f6819a6696491370060a37e5d0,2017-10-23T15:13:41.000Z,0.00056,0x5a91eae4e43f46f8f31cf0fdb6bc3b4b8a536859,buy,0x07e3c70653548b04f0a75970c1f81b4cbbfb606f,0x89fc5db90b28b43ad839687737c97bd8ea71c52367c7977c62d9ac983e45b931
249,856,0.478504,0x4454847b528907f6819a6696491370060a37e5d0,2017-10-23T15:13:18.000Z,0.000559,0x1eaa18a0e964d346f2b5182be3f97d7aab5145b9,buy,0x07e3c70653548b04f0a75970c1f81b4cbbfb606f,0x23d4b750e3da623eeb2d8dc31513789b1faa7f7c48118731a073b8f747ce3bd7
250,0.013913601958144685,0.00000697071458103,0x1eaa18a0e964d346f2b5182be3f97d7aab5145b9,2017-10-23T12:43:29.000Z,0.000500999999999965,0xcf4a2bb9bf0a4d5e18d849c1cddd1a0c3835be78,sell,0x07e3c70653548b04f0a75970c1f81b4cbbfb606f,0x7bd259ff8ccd977f78644e2659ee1b387724ebbfaef549eb7e6877900d1b2992
251,139.56734124214933,0.06882065596650384,0x9c232158b5e0f9a23bf9a399cd9197c7f131d13b,2017-10-23T11:56:28.000Z,0.0004931,0xcf4a2bb9bf0a4d5e18d849c1cddd1a0c3835be78,sell,0x07e3c70653548b04f0a75970c1f81b4cbbfb606f,0xeaa5ad091f65a7a281bacae30fde2cdbd86f7bd5c09bb13ea04f114f3115c3fb
252,1256.2127405044362,0.6194385023427376,0x9c232158b5e0f9a23bf9a399cd9197c7f131d13b,2017-10-23T10:25:47.000Z,0.0004931,0x9397edd1f5e19e90b9b535dd06741f1b02ad0316,sell,0x07e3c70653548b04f0a75970c1f81b4cbbfb606f,0x519baf6ea728585048d552b33d327862eb679dc7769e4a5c9fca55c6e10d6732
253,239.992,0.141115296,0xa75fcdf436c9713b3757819f1fb235918749c3ba,2017-10-23T02:21:22.000Z,0.000588,0x9f9f479bc0beacc0d635d652c50d03552700c28f,buy,0x07e3c70653548b04f0a75970c1f81b4cbbfb606f,0x6e06c69653afe421aeb28e5718c7e644993a65ce6bb94d348ae937b2bf884955
254,0.008400258926670068,0.000004939352248882,0xa75fcdf436c9713b3757819f1fb235918749c3ba,2017-10-23T01:20:27.000Z,0.000588,0x9f9f479bc0beacc0d635d652c50d03552700c28f,buy,0x07e3c70653548b04f0a75970c1f81b4cbbfb606f,0x53b8ddb0562283c24a1dc291c939a6fe56eb9603e4d29217794a3a34349112b3
255,1999.2087986397548,1.1775339823988156,0x2aa1b518c31764bd14121d08235817589a44306e,2017-10-23T00:54:43.000Z,0.000589,0x1eaa18a0e964d346f2b5182be3f97d7aab5145b9,buy,0x07e3c70653548b04f0a75970c1f81b4cbbfb606f,0x2851d91e62c5059973c92a0801ab6a520cfa0e58d698fbfb212ae41da2a15f43
256,1740,0.97092,0x9778550d76b07ac9f5e57392f68ecdf6efc1774e,2017-10-23T00:36:41.000Z,0.000558,0x530f3806d9ac376c0140a4bbb5a705bcf3a49460,buy,0x07e3c70653548b04f0a75970c1f81b4cbbfb606f,0xd4b1ec14238bc62a6e1b2bb3214c249b90f854bac0def751c1780e520829e0bb
257,1000,0.5589,0x9778550d76b07ac9f5e57392f68ecdf6efc1774e,2017-10-23T00:35:49.000Z,0.0005589,0x57e45515c679bb4a549304330e05714b7d9866fb,buy,0x07e3c70653548b04f0a75970c1f81b4cbbfb606f,0x141c63bab508982536f26b935e80ed8d5d1821029eeeb7acf68551805bb9efec
258,800,0.4488,0x9778550d76b07ac9f5e57392f68ecdf6efc1774e,2017-10-23T00:35:44.000Z,0.000561,0xff87cd5e0ec35908b942c1b072f8f605c7c1a31c,buy,0x07e3c70653548b04f0a75970c1f81b4cbbfb606f,0x9543242dcb7e240321c6037b468b2ea7878e7a4ea7c34bfb19da026418cafe36
259,1216.8744183164974,0.5854382826520669,0x21c327be593fc6d52a87389a4323084cb0a2ce95,2017-10-22T22:40:24.000Z,0.0004811,0x31e84592788ba6a2a0452437bbf9f9c18cf54f0f,sell,0x07e3c70653548b04f0a75970c1f81b4cbbfb606f,0xbccd23f37a9148082227a455b00ddde43c6932c138f7da610800e97840478aec
260,5700.9269972804805,2.7934542286674353,0x82f07c724a7a576c3f661d10ad65d59f2d4edca5,2017-10-22T22:39:18.000Z,0.00049,0x31e84592788ba6a2a0452437bbf9f9c18cf54f0f,sell,0x07e3c70653548b04f0a75970c1f81b4cbbfb606f,0x0b733a156b8b9c0ad27a6865d5ba31b0d1677fba17a46cb05486fc36e737cc33
261,299.07300271951993,0.14654577133256477,0x82f07c724a7a576c3f661d10ad65d59f2d4edca5,2017-10-22T21:51:15.000Z,0.00049,0xcdfb3244f20e645777717977ea9e7de427e3be5d,sell,0x07e3c70653548b04f0a75970c1f81b4cbbfb606f,0x99e86b247dac80bc4a3e73482189b77ad704151a90dab374ca80eb2f65ca1ce5
262,260,0.14508,0xf513b6f103f54166d5e67838895eef51f59e6683,2017-10-22T20:30:00.000Z,0.000558,0x530f3806d9ac376c0140a4bbb5a705bcf3a49460,buy,0x07e3c70653548b04f0a75970c1f81b4cbbfb606f,0x6426ec1c3557c3e691e2559f36c544bc05c072f7925968faa23327949c5a8217
263,549,0.304695,0xf513b6f103f54166d5e67838895eef51f59e6683,2017-10-22T20:28:43.000Z,0.000555,0x1733e5828606d3c4c78312b0845e0ca2acfb645e,buy,0x07e3c70653548b04f0a75970c1f81b4cbbfb606f,0xf95f2177f1e332188799cb370d3b11646549ed53e90983e1edab1da86412d006
264,1000,0.554,0xf513b6f103f54166d5e67838895eef51f59e6683,2017-10-22T20:26:10.000Z,0.000554,0x1eaa18a0e964d346f2b5182be3f97d7aab5145b9,buy,0x07e3c70653548b04f0a75970c1f81b4cbbfb606f,0xb7578d487cb194f06221aeed1aac10eb319e5922f061b807d964074103d88643
265,1,0.000555,0xe1fa699860444be91d366c21de8fef56e3dec77a,2017-10-22T18:17:43.000Z,0.000555,0x1733e5828606d3c4c78312b0845e0ca2acfb645e,buy,0x07e3c70653548b04f0a75970c1f81b4cbbfb606f,0x49f9cf0cf50075f10487dc4ba2996a6c27338c4f35f49c24195e42286c6af332
266,2000,1.1276,0x273a5d3e6721b9f5c1a6474f560c1334c63dda01,2017-10-22T14:33:31.000Z,0.0005638,0xff87cd5e0ec35908b942c1b072f8f605c7c1a31c,buy,0x07e3c70653548b04f0a75970c1f81b4cbbfb606f,0x4e936d7a51d1a9abc3aa46441c4d3bfbc6b3fc6a7552912c206e3c6bcde69987
267,1994,1.23628,0x1eaa18a0e964d346f2b5182be3f97d7aab5145b9,2017-10-22T14:33:31.000Z,0.00062,0x273a5d3e6721b9f5c1a6474f560c1334c63dda01,sell,0x07e3c70653548b04f0a75970c1f81b4cbbfb606f,0x4e936d7a51d1a9abc3aa46441c4d3bfbc6b3fc6a7552912c206e3c6bcde69987
268,812.555,0.5037841,0x1eaa18a0e964d346f2b5182be3f97d7aab5145b9,2017-10-22T14:33:31.000Z,0.00062,0x273a5d3e6721b9f5c1a6474f560c1334c63dda01,sell,0x07e3c70653548b04f0a75970c1f81b4cbbfb606f,0xa529eb5cfe963ac67ffc24bceccea32a074bf55ec1c9edd4eafbae0b5c222471
269,815,0.4564,0x273a5d3e6721b9f5c1a6474f560c1334c63dda01,2017-10-22T14:33:31.000Z,0.00056,0xfbf7dc0756a9768d0c71aea5f8421f3b1eaee7d1,buy,0x07e3c70653548b04f0a75970c1f81b4cbbfb606f,0xa529eb5cfe963ac67ffc24bceccea32a074bf55ec1c9edd4eafbae0b5c222471
270,999.999,0.564999435,0x273a5d3e6721b9f5c1a6474f560c1334c63dda01,2017-10-22T14:33:31.000Z,0.000565,0x49dc235474e153367b593cab41b56dff301fbea0,buy,0x07e3c70653548b04f0a75970c1f81b4cbbfb606f,0xa88419a06b05090ae127b93f212a6daf3f3c79ad4730954db5947567f5d34033
271,996.999003,0.61813938186,0x1eaa18a0e964d346f2b5182be3f97d7aab5145b9,2017-10-22T14:33:31.000Z,0.00062,0x273a5d3e6721b9f5c1a6474f560c1334c63dda01,sell,0x07e3c70653548b04f0a75970c1f81b4cbbfb606f,0xa88419a06b05090ae127b93f212a6daf3f3c79ad4730954db5947567f5d34033
272,24.83404648436821,0.013956734124214934,0x6162d3d890fe75fb05c94cd05657d06453b92d57,2017-10-22T11:25:57.000Z,0.000562,0xfbf7dc0756a9768d0c71aea5f8421f3b1eaee7d1,buy,0x07e3c70653548b04f0a75970c1f81b4cbbfb606f,0x533cba9f42a606579bcf46cbf66819c5185d208dd0c37b7fa3d250142a62d0a2
273,1000,0.49,0x82f07c724a7a576c3f661d10ad65d59f2d4edca5,2017-10-22T09:13:17.000Z,0.00049,0xff87cd5e0ec35908b942c1b072f8f605c7c1a31c,sell,0x07e3c70653548b04f0a75970c1f81b4cbbfb606f,0x35fce19f6e1c9f8cc63e5c590b42f557e687d7bd85ce6fbfc13aeef88c169c7d
274,1000,0.49,0x82f07c724a7a576c3f661d10ad65d59f2d4edca5,2017-10-22T09:06:02.000Z,0.00049,0xff87cd5e0ec35908b942c1b072f8f605c7c1a31c,sell,0x07e3c70653548b04f0a75970c1f81b4cbbfb606f,0xf550e30b3382429f346f94a17252ea8739621f73c972c97ea13366606b964b68
275,1000,0.49,0x82f07c724a7a576c3f661d10ad65d59f2d4edca5,2017-10-22T09:02:46.000Z,0.00049,0xff87cd5e0ec35908b942c1b072f8f605c7c1a31c,sell,0x07e3c70653548b04f0a75970c1f81b4cbbfb606f,0x495f3b5fdeab7cdd7a50218cb4948fcd27ae203ff36ba8a87c25261946a64cef
276,3526.648,1.696317688,0x9778550d76b07ac9f5e57392f68ecdf6efc1774e,2017-10-22T03:42:51.000Z,0.000481,0xc96f68ea3cbb48b5ebd1647156e1c2ec77e1180a,buy,0x07e3c70653548b04f0a75970c1f81b4cbbfb606f,0x118680c49eb1d6ea6058570b2b0104952c89915121a54a4a7482a61625a12ea1
277,89.721862227096,0.044860931113548004,0x98db4417ba8029a6ce43e171b20e3cc2c4d19917,2017-10-22T03:34:16.000Z,0.0005,0x65f2dddf638c7a7118b22d610c9aeba141f2467f,sell,0x07e3c70653548b04f0a75970c1f81b4cbbfb606f,0x4dedf26b7289d28706f258cf55be27b3bdcc55a487f8df196163c8470ac4aa5f
278,90,0.04329,0x65f2dddf638c7a7118b22d610c9aeba141f2467f,2017-10-22T03:34:16.000Z,0.000481,0xc96f68ea3cbb48b5ebd1647156e1c2ec77e1180a,buy,0x07e3c70653548b04f0a75970c1f81b4cbbfb606f,0x4dedf26b7289d28706f258cf55be27b3bdcc55a487f8df196163c8470ac4aa5f
279,1000,0.500011,0x49dc235474e153367b593cab41b56dff301fbea0,2017-10-22T03:33:23.000Z,0.000500011,0xd445f61ebca3d6b4c57eef1f39fdab6595ef8972,sell,0x07e3c70653548b04f0a75970c1f81b4cbbfb606f,0x96d721b5ccffdcf37f5df886449a247cebc5b93575129dc0ddc603b03de2d812
280,1003.0090270812437,0.48244734202607825,0xd445f61ebca3d6b4c57eef1f39fdab6595ef8972,2017-10-22T03:33:23.000Z,0.000481,0xc96f68ea3cbb48b5ebd1647156e1c2ec77e1180a,buy,0x07e3c70653548b04f0a75970c1f81b4cbbfb606f,0x96d721b5ccffdcf37f5df886449a247cebc5b93575129dc0ddc603b03de2d812
281,0,0,0x86f07ee309655dbb0c169668f4e27848c0deda77,2017-10-22T03:32:51.000Z,NaN,0xc96f68ea3cbb48b5ebd1647156e1c2ec77e1180a,buy,0x07e3c70653548b04f0a75970c1f81b4cbbfb606f,0xd6920b97b3015dcfe725fef82b9bae8e7f707c344e5ac8e567cc1a79f9836c9b
282,0,0,0x7085da1bbc934455ae03766d43c22d67b75c6088,2017-10-22T03:32:51.000Z,NaN,0x86f07ee309655dbb0c169668f4e27848c0deda77,sell,0x07e3c70653548b04f0a75970c1f81b4cbbfb606f,0xd6920b97b3015dcfe725fef82b9bae8e7f707c344e5ac8e567cc1a79f9836c9b
283,408.0550766530771,0.1962744918701301,0xd445f61ebca3d6b4c57eef1f39fdab6595ef8972,2017-10-22T03:32:31.000Z,0.000481,0xc96f68ea3cbb48b5ebd1647156e1c2ec77e1180a,buy,0x07e3c70653548b04f0a75970c1f81b4cbbfb606f,0xb1dc71c87aaaba0f3a0fe53376da4ebf03b281226f4d7d842c6cdf4d21a89d35
284,406.83091142311787,0.22579115583983042,0x859ca575f03059f239fc62fbb134b746655b21b9,2017-10-22T03:32:31.000Z,0.0005549999999999999,0xd445f61ebca3d6b4c57eef1f39fdab6595ef8972,sell,0x07e3c70653548b04f0a75970c1f81b4cbbfb606f,0xb1dc71c87aaaba0f3a0fe53376da4ebf03b281226f4d7d842c6cdf4d21a89d35
285,648.623169878492,0.31198774471155466,0xd445f61ebca3d6b4c57eef1f39fdab6595ef8972,2017-10-22T03:32:12.000Z,0.000481,0xc96f68ea3cbb48b5ebd1647156e1c2ec77e1180a,buy,0x07e3c70653548b04f0a75970c1f81b4cbbfb606f,0x05e1e67bcf64d630aa6aa676c6bfcd3a30d04c3612980078e03134683e6a83fa
286,646.6773003688565,0.3556738085574718,0x7085da1bbc934455ae03766d43c22d67b75c6088,2017-10-22T03:32:12.000Z,0.000550002,0xd445f61ebca3d6b4c57eef1f39fdab6595ef8972,sell,0x07e3c70653548b04f0a75970c1f81b4cbbfb606f,0x05e1e67bcf64d630aa6aa676c6bfcd3a30d04c3612980078e03134683e6a83fa
287,10874.042131076621,5.980734046134272,0x3c16e36eead944e2b1b95e191d668818983c33e8,2017-10-22T03:31:10.000Z,0.0005500009999999999,0xd445f61ebca3d6b4c57eef1f39fdab6595ef8972,sell,0x07e3c70653548b04f0a75970c1f81b4cbbfb606f,0x6943a64feb84066c137354f7aac8955f194d368c137d4336efa11f11589a2418
288,10906.762418331615,5.246152723217507,0xd445f61ebca3d6b4c57eef1f39fdab6595ef8972,2017-10-22T03:31:10.000Z,0.000481,0xc96f68ea3cbb48b5ebd1647156e1c2ec77e1180a,buy,0x07e3c70653548b04f0a75970c1f81b4cbbfb606f,0x6943a64feb84066c137354f7aac8955f194d368c137d4336efa11f11589a2418
289,100,0.0555,0x859ca575f03059f239fc62fbb134b746655b21b9,2017-10-22T03:24:51.000Z,0.000555,0xff87cd5e0ec35908b942c1b072f8f605c7c1a31c,sell,0x07e3c70653548b04f0a75970c1f81b4cbbfb606f,0xdfa80045d3767b68d3c8139452d1ee4f0d95b04cba02cd48a61df40735eabce5
290,100,0.0555,0x859ca575f03059f239fc62fbb134b746655b21b9,2017-10-22T02:38:54.000Z,0.000555,0xff87cd5e0ec35908b942c1b072f8f605c7c1a31c,sell,0x07e3c70653548b04f0a75970c1f81b4cbbfb606f,0x43e5988760d3cb4755e10394bbc58b5f8f3641d6e8ca80a09ea6095f32872b12
291,100,0.0555,0x859ca575f03059f239fc62fbb134b746655b21b9,2017-10-22T02:37:46.000Z,0.000555,0xff87cd5e0ec35908b942c1b072f8f605c7c1a31c,sell,0x07e3c70653548b04f0a75970c1f81b4cbbfb606f,0x1a44200f3e9bf04c3d8b9630177bf1fba00b1816c50eecadc05c0b31c7badc6a
292,0.015768086333423113,0.000008751287915049,0x859ca575f03059f239fc62fbb134b746655b21b9,2017-10-21T19:17:41.000Z,0.0005549999999999475,0x5f0e2c05cda2cb62b1daabed1b683407bf699ad7,sell,0x07e3c70653548b04f0a75970c1f81b4cbbfb606f,0x2287c212aae235bb514156b9ab0df2441869a93490650efd7019675e01804325
293,203.68158708005183,0.11304328082942877,0x859ca575f03059f239fc62fbb134b746655b21b9,2017-10-21T19:00:54.000Z,0.0005549999999999999,0xe651d0107cc442943df1ca3a6d0d601816f19262,sell,0x07e3c70653548b04f0a75970c1f81b4cbbfb606f,0xd1864b15412a52206e232d5d3ee44b4bbdf64a29898aa3d1215ca7cb6dcdedc3
294,89.47173341049684,0.04965681204282575,0x859ca575f03059f239fc62fbb134b746655b21b9,2017-10-21T17:43:12.000Z,0.0005549999999999999,0x9ea349cf62802bce84bdd565cc0050f2d13cffd4,sell,0x07e3c70653548b04f0a75970c1f81b4cbbfb606f,0xf6aadd3450d7c95086dd94f1a0692fba1fa8fd0b63575227ea39824f1bea8198
295,2231.83,1.24089748,0x50d5ceb8f482a078c98b9354944cc72a6a3f7e4d,2017-10-21T17:40:29.000Z,0.000556,0x9ea349cf62802bce84bdd565cc0050f2d13cffd4,sell,0x07e3c70653548b04f0a75970c1f81b4cbbfb606f,0xc5021fa117a588ce61a0d68e619558c2e3a48d23b7c8be156fb4cbda65677c4c
296,0.4838323895554923,0.00026610829808791,0x1c41af6664365789956b7310fe0ff87090bd97b8,2017-10-21T17:30:43.000Z,0.0005500009999999993,0x1cff36debd53eeb3264fd75497356132c4067632,sell,0x07e3c70653548b04f0a75970c1f81b4cbbfb606f,0x8a30b9c539f5822f92a9f563d103840c26b3ed0087619600f6d2abe15ad11693
297,4853.322699631143,2.669337191442528,0x7085da1bbc934455ae03766d43c22d67b75c6088,2017-10-21T17:26:30.000Z,0.000550002,0x1cff36debd53eeb3264fd75497356132c4067632,sell,0x07e3c70653548b04f0a75970c1f81b4cbbfb606f,0x5e0b47caba8d40078fe12f0632841067e4c7a2e2786c97b019b435b41ed3eb3a
298,158.16967401056723,0.08794233874987539,0x50d5ceb8f482a078c98b9354944cc72a6a3f7e4d,2017-10-21T17:23:50.000Z,0.000556,0x5f0e2c05cda2cb62b1daabed1b683407bf699ad7,sell,0x07e3c70653548b04f0a75970c1f81b4cbbfb606f,0x644dbd5f5c4b8b96f836b433893c0d6d0b33b90ff748bd613d988eaca538a9c1
299,295,0.17346,0x50d5ceb8f482a078c98b9354944cc72a6a3f7e4d,2017-10-21T17:18:59.000Z,0.000588,0x5f0e2c05cda2cb62b1daabed1b683407bf699ad7,sell,0x07e3c70653548b04f0a75970c1f81b4cbbfb606f,0x4758580531eed98544123cf8aecad65ca0d7cd43646c42b6000cce410ca3c133
300,1291.4793543780677,0.7580983810199258,0x5087ee91ec09f69fd9e03d2b7a5e0802723e624b,2017-10-21T16:13:02.000Z,0.000587,0x1eaa18a0e964d346f2b5182be3f97d7aab5145b9,buy,0x07e3c70653548b04f0a75970c1f81b4cbbfb606f,0x06c2e47e85d1505757aa8f05e73f49dba50e82baa845e29ed5543cd72207bf67
301,1343,0.739993,0x1eaa18a0e964d346f2b5182be3f97d7aab5145b9,2017-10-21T11:47:15.000Z,0.000551,0xb3e30dea4952551d57cbbd64ab850965179ad2d5,sell,0x07e3c70653548b04f0a75970c1f81b4cbbfb606f,0x56d542bc6f445c359cb1acba046386c8bf5e28f7d8de60ec6c21815c9d03c0aa
302,1,0.0005948,0xb4c432a9559a4f1464d2bff9fcbbdc14f1c39dec,2017-10-21T09:45:44.000Z,0.0005948,0xff87cd5e0ec35908b942c1b072f8f605c7c1a31c,buy,0x07e3c70653548b04f0a75970c1f81b4cbbfb606f,0x0b75740cd85910a06e69ba52ed56bf4226f5f5726f154a552311d0fd082f705d
303,500,0.2750005,0x3c16e36eead944e2b1b95e191d668818983c33e8,2017-10-21T08:38:45.000Z,0.000550001,0xff87cd5e0ec35908b942c1b072f8f605c7c1a31c,sell,0x07e3c70653548b04f0a75970c1f81b4cbbfb606f,0x5fa400f16a8546bfa91d4575600a77c48e50e60c84811c06010ed040c62443bb
304,500,0.2750005,0x3c16e36eead944e2b1b95e191d668818983c33e8,2017-10-21T07:54:37.000Z,0.000550001,0xff87cd5e0ec35908b942c1b072f8f605c7c1a31c,sell,0x07e3c70653548b04f0a75970c1f81b4cbbfb606f,0xba85fc7310d7c764130e4afae3f668b14cef715a37aece64b5b41dd923c1fbbc
305,0.3419426693807864,0.000188068810102101,0x3c16e36eead944e2b1b95e191d668818983c33e8,2017-10-21T06:29:06.000Z,0.0005500009999999974,0x8a6d552c5b9abbb674aee55a99c50135e42632d1,sell,0x07e3c70653548b04f0a75970c1f81b4cbbfb606f,0xf5ff0e98bd9ca07c7e5c803e9553f18d133b360abb0857fdae1972fda6a92455
306,3430.0269165586683,1.886518234134184,0x3c16e36eead944e2b1b95e191d668818983c33e8,2017-10-21T06:26:31.000Z,0.0005500009999999999,0x8a6d552c5b9abbb674aee55a99c50135e42632d1,sell,0x07e3c70653548b04f0a75970c1f81b4cbbfb606f,0x0bd1091938065799877d558db09bcd66b1d9fef3f61e1b4d9c4e608ae91c7cdc
307,662.6530495761342,0.36445983991992337,0x3c16e36eead944e2b1b95e191d668818983c33e8,2017-10-21T05:33:33.000Z,0.0005500009999999999,0xf852d19fdf61bb2dabf5c4d9c074ccf4a08146e7,sell,0x07e3c70653548b04f0a75970c1f81b4cbbfb606f,0x9b4dc3667618c0600a325d6ef7ba2da2aa52bf1b954f6d308f3b0c857b503b32
308,982.9528461768517,0.5406250483501146,0x3c16e36eead944e2b1b95e191d668818983c33e8,2017-10-21T04:07:10.000Z,0.0005500009999999999,0x6ce2302510170e68c6c69ef978a9d0f99852676d,sell,0x07e3c70653548b04f0a75970c1f81b4cbbfb606f,0x67d9bdf80cdc43da1b0d3b8cd76e428e250da31d0339636a61fb5f0cd6038b28
309,224.30465556774,0.12359186521782474,0xfbf7dc0756a9768d0c71aea5f8421f3b1eaee7d1,2017-10-21T03:45:34.000Z,0.000551,0x47033e533bf5a5d18b4cea5c81b3c566071d710e,sell,0x07e3c70653548b04f0a75970c1f81b4cbbfb606f,0x05437e36ac87ec3013e0d858eaa6b84d34d16b74d135a3c6925282bfc7ff8318
310,615.8365761991669,0.3393259534857409,0xfbf7dc0756a9768d0c71aea5f8421f3b1eaee7d1,2017-10-21T03:32:10.000Z,0.000551,0x489d4b9896b4ea0770ac5477d36d04dd27a72907,sell,0x07e3c70653548b04f0a75970c1f81b4cbbfb606f,0xdae2f54e42c0d2ca899176818ade8d97c8c2bee82fb0992b00ceeb0081d5abb6
311,2905.3811076956517,1.7722824756943476,0x007b23f69ceebcf5292b934a024aa434428932f6,2017-10-21T00:20:23.000Z,0.00061,0x657a861f5610ee7a35d7aca46af921c82a5632ba,buy,0x07e3c70653548b04f0a75970c1f81b4cbbfb606f,0xeac8e0c2e05d204d5e2b7a784855ef2647527cb2aee7e4595187adba1b8991aa
312,542.4457,0.330891877,0x007b23f69ceebcf5292b934a024aa434428932f6,2017-10-21T00:18:31.000Z,0.00061,0x97512b03eb7b4cf6243cdfe027ff557b12974dff,buy,0x07e3c70653548b04f0a75970c1f81b4cbbfb606f,0x978ecfb116a98f7cc0efb90d6b667520e8cf4bcd0c396cf4b5ee68fe58f64c39
313,858,0.522522,0x007b23f69ceebcf5292b934a024aa434428932f6,2017-10-21T00:17:09.000Z,0.000609,0xeae46ec3c5f204697789b090d03d2d2c72791af6,buy,0x07e3c70653548b04f0a75970c1f81b4cbbfb606f,0x799670ec931df7d6acc21a37e8d4609a194eee9394ca9e098fed98f888896413
314,1264.2807297378129,0.6953556656365267,0x3c16e36eead944e2b1b95e191d668818983c33e8,2017-10-21T00:15:36.000Z,0.0005500009999999999,0xcc59eba98bf42ff59db4f1cb50f9935e75b0d75e,sell,0x07e3c70653548b04f0a75970c1f81b4cbbfb606f,0xb1bce0ec8e4ccc4c9e14cfa991811cafba0dc5b7728c43b2cb165cc7f76ba43f
315,600,0.3306,0xa04c74c5d53446108b03c519c945f54361c51918,2017-10-21T00:15:06.000Z,0.000551,0xcc59eba98bf42ff59db4f1cb50f9935e75b0d75e,sell,0x07e3c70653548b04f0a75970c1f81b4cbbfb606f,0xd92306787989de36220ca4263dfc5a6931062cc89f007cc406f6bcbce9332ee0
316,5000,3.0495,0x9778550d76b07ac9f5e57392f68ecdf6efc1774e,2017-10-20T23:15:37.000Z,0.0006099,0x7085da1bbc934455ae03766d43c22d67b75c6088,buy,0x07e3c70653548b04f0a75970c1f81b4cbbfb606f,0x1bf523a882524d8fa44c5a51d186f1f13d1a5c5c6369296341b9e19e424cc900
317,2139.186957337805,1.240728435255927,0x9778550d76b07ac9f5e57392f68ecdf6efc1774e,2017-10-20T23:15:18.000Z,0.00058,0x09e396aca9535fffc68c72f880ab36e252b73a43,buy,0x07e3c70653548b04f0a75970c1f81b4cbbfb606f,0xd7485b1a297355b173995547879b825a2974a7beaf70e93aa6aa2deb92bdeafa
318,4072.330774598744,2.239785998360084,0x3c16e36eead944e2b1b95e191d668818983c33e8,2017-10-20T23:08:14.000Z,0.0005500009999999999,0x99c7be16234227f946b0f935eca08254148b704a,sell,0x07e3c70653548b04f0a75970c1f81b4cbbfb606f,0xf19365daad36491a0bc283d897b3bf6204397358e2ebfb3b62b28703dfaa3736
319,710.6278643651854,0.3908460360287163,0x3c16e36eead944e2b1b95e191d668818983c33e8,2017-10-20T22:45:40.000Z,0.0005500009999999999,0x1fccbf9e9b255d5cafc7428ea38aba53a5f3e992,sell,0x07e3c70653548b04f0a75970c1f81b4cbbfb606f,0xcd01a2bb14e753efb64c46339ff762a6e64373723bf9c85002bf5414b9213f85
320,1003,0.58174,0x1da251119e3a70bcb4aed858bd2acccff2155077,2017-10-20T22:44:46.000Z,0.00058,0x1fccbf9e9b255d5cafc7428ea38aba53a5f3e992,sell,0x07e3c70653548b04f0a75970c1f81b4cbbfb606f,0x6b9bfa2954ba9a81df6cba68f45267af970bda699aea279cc6c394dfcb65e79d
321,1718.8398107447174,0.9969270902319362,0x1fccbf9e9b255d5cafc7428ea38aba53a5f3e992,2017-10-20T22:43:30.000Z,0.00058,0x09e396aca9535fffc68c72f880ab36e252b73a43,buy,0x07e3c70653548b04f0a75970c1f81b4cbbfb606f,0xca91796732f2a4f4e06b3d7cf8d32780cef75f834aeaa10a5ec17c2cffebe86d
322,5640.973231917477,3.271764474512137,0xc87182f6ddca9d4a898f111059d3f3ef8e709e0e,2017-10-20T22:31:26.000Z,0.00058,0x09e396aca9535fffc68c72f880ab36e252b73a43,buy,0x07e3c70653548b04f0a75970c1f81b4cbbfb606f,0x439ff84f6735f72066af7c12e57b1e36b4355f97bbfd27b28f06fb7c90935a75
323,500,0.29,0x94f6c44f33e2876e987b6383843fa50d0464b11a,2017-10-20T21:55:35.000Z,0.00058,0x09e396aca9535fffc68c72f880ab36e252b73a43,buy,0x07e3c70653548b04f0a75970c1f81b4cbbfb606f,0x22a880a8dba372864b0c03e9f068ea8b9e15ad06d6c05b64a94e6daf8dce625e
324,0.095,0.00095,0x97e0ae66e9c4814acf138a5548e091d72d233972,2017-10-20T20:53:22.000Z,0.01,0xa701d6454ad7005ac11d59b32eb182f51086de30,sell,0x07e3c70653548b04f0a75970c1f81b4cbbfb606f,0xa5ff3cae0031755e9002f26a9e837ab4802728bcd8b7d1af7fdc6c4942216d7e
325,1,0.00058,0xe412f7324492ead5eacf30dcec2240553bf1326a,2017-10-20T20:31:08.000Z,0.00058,0x09e396aca9535fffc68c72f880ab36e252b73a43,buy,0x07e3c70653548b04f0a75970c1f81b4cbbfb606f,0x219a5a5237b8e7634f7a6179b7346b5ba28308f6b2704fecb7066952d7f7f324
326,7763.887315100048,4.270145787192342,0x3c16e36eead944e2b1b95e191d668818983c33e8,2017-10-20T19:14:52.000Z,0.0005500009999999999,0x97e0ae66e9c4814acf138a5548e091d72d233972,sell,0x07e3c70653548b04f0a75970c1f81b4cbbfb606f,0x934b4c71c9b9067ae3a89797da28cec20b4c7bb821cc5240efd2912662160d96
327,1513.856430140554,0.8326225504337348,0x3c16e36eead944e2b1b95e191d668818983c33e8,2017-10-20T18:22:15.000Z,0.0005500009999999999,0x1ed014aec47fae44c9e55bac7662c0b78ae61798,sell,0x07e3c70653548b04f0a75970c1f81b4cbbfb606f,0x6a9bc6861818cf0beaf6af461905724a5255be536510d80c19851becc9998b0d
328,1000,0.572499,0x3c16e36eead944e2b1b95e191d668818983c33e8,2017-10-20T16:13:20.000Z,0.000572499,0xff87cd5e0ec35908b942c1b072f8f605c7c1a31c,sell,0x07e3c70653548b04f0a75970c1f81b4cbbfb606f,0x5957c3c02661d9d69169d79921218f4951b9a66a823e475b9ae752a805a1b1c9
329,950,0.54387405,0x3c16e36eead944e2b1b95e191d668818983c33e8,2017-10-20T15:24:47.000Z,0.000572499,0xff87cd5e0ec35908b942c1b072f8f605c7c1a31c,sell,0x07e3c70653548b04f0a75970c1f81b4cbbfb606f,0xcff400e19e62c2ff8d8730d344a11ff7b3bcddfaa8d54d0ddb32029f2af35bf1
330,1000,0.572499,0x3c16e36eead944e2b1b95e191d668818983c33e8,2017-10-20T15:17:25.000Z,0.000572499,0xff87cd5e0ec35908b942c1b072f8f605c7c1a31c,sell,0x07e3c70653548b04f0a75970c1f81b4cbbfb606f,0x1fe5c7b357565151a56dfadd00134615aad8d864779fea328e0a5611593da8b3
331,300,0.1719,0x592de67eaa2cc57b00c6633b98803d57ce493747,2017-10-20T15:08:31.000Z,0.000573,0xff87cd5e0ec35908b942c1b072f8f605c7c1a31c,sell,0x07e3c70653548b04f0a75970c1f81b4cbbfb606f,0x9807ab450187bf544c69f6b03b03f5b25673b881271984039f2f876f965b63e8
332,500,0.2865,0x592de67eaa2cc57b00c6633b98803d57ce493747,2017-10-20T15:03:56.000Z,0.000573,0xff87cd5e0ec35908b942c1b072f8f605c7c1a31c,sell,0x07e3c70653548b04f0a75970c1f81b4cbbfb606f,0xca35f01a9295456ef018df92b4fd5c31040fad8d4a24a6261b5419b43cdbee13
333,95,0.054435,0x592de67eaa2cc57b00c6633b98803d57ce493747,2017-10-20T15:01:30.000Z,0.000573,0xff87cd5e0ec35908b942c1b072f8f605c7c1a31c,sell,0x07e3c70653548b04f0a75970c1f81b4cbbfb606f,0x10348227600895c0b9d794a8669c55cae310c207a2c6bc63446a72a49cff06df
334,10,0.006,0x82f07c724a7a576c3f661d10ad65d59f2d4edca5,2017-10-20T15:00:03.000Z,0.0006,0xff87cd5e0ec35908b942c1b072f8f605c7c1a31c,sell,0x07e3c70653548b04f0a75970c1f81b4cbbfb606f,0x2b92848cbf73e8b4380f47d90d51d53f1ce693d9610f921d2df4f032cd4f5214
335,1680.698,1.01682229,0xcb20cfcd83997bdb2fe5d75b7c5a4d075171bec6,2017-10-20T14:26:02.000Z,0.000605,0x1fccbf9e9b255d5cafc7428ea38aba53a5f3e992,sell,0x07e3c70653548b04f0a75970c1f81b4cbbfb606f,0x9a508aa524466400e6c3aada8c5b0c7d486a39fd06a2911200ef5a3e7b29ca81
336,725.7418709720496,0.44850847626072665,0xd54bf09532648e998f4f56e3d5b354395a8f9e29,2017-10-20T13:57:07.000Z,0.000618,0x49dc235474e153367b593cab41b56dff301fbea0,buy,0x07e3c70653548b04f0a75970c1f81b4cbbfb606f,0x14a8ceff5f807c3b145c427d08b88f654a03f54519ce55e61dfb51ce07f6e149
337,1649,0.999294,0x8c74cc624d8d9abe193a5c2a63e26eb30c75e464,2017-10-20T13:50:57.000Z,0.000606,0x1fccbf9e9b255d5cafc7428ea38aba53a5f3e992,sell,0x07e3c70653548b04f0a75970c1f81b4cbbfb606f,0xb81a4a4c3786fa10271aeec193975dd89b11f6563c1ff4a0a6006ce7a291547e
338,90,0.05445,0xcb20cfcd83997bdb2fe5d75b7c5a4d075171bec6,2017-10-20T13:40:09.000Z,0.000605,0x98db4417ba8029a6ce43e171b20e3cc2c4d19917,sell,0x07e3c70653548b04f0a75970c1f81b4cbbfb606f,0x05d9d31df5cf5fc93555854d55d34b6c0b3926070735341447443bee613614b7
339,283.30181110167086,0.17139759571651086,0xcb20cfcd83997bdb2fe5d75b7c5a4d075171bec6,2017-10-20T13:35:48.000Z,0.000605,0xb3c74e8478cb91b17d0f78e3d0e3ea574c9fe2f8,sell,0x07e3c70653548b04f0a75970c1f81b4cbbfb606f,0x97c255b6146499c5625d30c9f4c8375683fe96fa3b144aa9f8ed66415eee78a4
340,200,0.1236,0x03351328843940bb13b014d3acf3debf9fa75525,2017-10-20T13:12:34.000Z,0.000618,0xff87cd5e0ec35908b942c1b072f8f605c7c1a31c,sell,0x07e3c70653548b04f0a75970c1f81b4cbbfb606f,0x868f6d5646aeab1f0da3de723b6f04a8f5056516006f7e3b6bddc80c516b01ef
341,27.869579559199657,0.016721747735519796,0xcb20cfcd83997bdb2fe5d75b7c5a4d075171bec6,2017-10-20T12:57:54.000Z,0.0006,0x1fdf047bf7a114b37e7936d01e9cad754ad18803,buy,0x07e3c70653548b04f0a75970c1f81b4cbbfb606f,0xd019e626cc16c152ce91f3edd08a107bc23789c703bbad3054aa025538be90ff
342,285.5573516043505,0.17133441096261032,0x4b7ec6890b7d98100cabd7637f0c4af415867394,2017-10-20T12:52:24.000Z,0.0006,0x1fdf047bf7a114b37e7936d01e9cad754ad18803,buy,0x07e3c70653548b04f0a75970c1f81b4cbbfb606f,0xf8ba9481e73fdf177b17d75209b38052cf333f7d7915a403e81a50bdb19c4429
343,686.5730688364498,0.4119438413018699,0xa28b44c3e2c56f5756d2c8cf2aa7b7db6e4ad024,2017-10-20T12:20:09.000Z,0.0006,0x1fdf047bf7a114b37e7936d01e9cad754ad18803,buy,0x07e3c70653548b04f0a75970c1f81b4cbbfb606f,0x33ff91bbaa9be5cd3bd54db308af10226da481de4cb40f7e7ee13ecab3ae965e
344,2712,1.624488,0x9af723cdc53e63f40881631bd588df2833893246,2017-10-20T10:37:05.000Z,0.000599,0x1eaa18a0e964d346f2b5182be3f97d7aab5145b9,buy,0x07e3c70653548b04f0a75970c1f81b4cbbfb606f,0x73b7dc61777723528c38af76da1be3cc20c689b766385df011cf9c306bf5723e
345,2813.240953045559,1.4206866812880072,0x4b7ec6890b7d98100cabd7637f0c4af415867394,2017-10-20T10:03:24.000Z,0.000505,0xce273629c61fa936e939f2bc33602850c58a7a8a,sell,0x07e3c70653548b04f0a75970c1f81b4cbbfb606f,0x83f0f088ffb37535bfa6e229e412ed137ea449d6e3df738f68d0d5896a8350b7
346,10000,4.80001,0x09e396aca9535fffc68c72f880ab36e252b73a43,2017-10-20T09:56:51.000Z,0.000480001,0xce273629c61fa936e939f2bc33602850c58a7a8a,sell,0x07e3c70653548b04f0a75970c1f81b4cbbfb606f,0xa7113f3654a79d34844a9103922afa7351b18ff5967156866ddb5198619341ab
347,8400,4.116,0xa04c74c5d53446108b03c519c945f54361c51918,2017-10-20T09:56:34.000Z,0.00049,0xce273629c61fa936e939f2bc33602850c58a7a8a,sell,0x07e3c70653548b04f0a75970c1f81b4cbbfb606f,0xb55778ff55206d7c9f98fde3dcedc576d7ad2997dd46fec54b52efe387e92a7c
348,7000,3.437,0x6fd623ab0dff084df49975986ad8af7c306bf8b8,2017-10-20T09:50:33.000Z,0.000491,0xce273629c61fa936e939f2bc33602850c58a7a8a,sell,0x07e3c70653548b04f0a75970c1f81b4cbbfb606f,0x5bc915983d49c1e57fe44bf8caafa20c5437637babf7f643ea372dc794429e90
349,2346.7,1.40802,0x4b7ec6890b7d98100cabd7637f0c4af415867394,2017-10-20T06:43:59.000Z,0.0006,0x9ea349cf62802bce84bdd565cc0050f2d13cffd4,buy,0x07e3c70653548b04f0a75970c1f81b4cbbfb606f,0xd40c4f5750915935d6debada07190c157ff3ee6b5ec96e5ee1b0cfb1be06bbef
350,1222.4565266460297,0.5867791327900943,0xa28b44c3e2c56f5756d2c8cf2aa7b7db6e4ad024,2017-10-20T06:07:02.000Z,0.00048,0x403a0902d22f9758df435a74921d3d7edb14d494,sell,0x07e3c70653548b04f0a75970c1f81b4cbbfb606f,0x61ab63489293905b6b9e64ff72ed44775dab30293ccdb83eff8101dcb2065f94
351,23.68280969229062,0.012788717233836934,0x47033e533bf5a5d18b4cea5c81b3c566071d710e,2017-10-20T06:06:04.000Z,0.00054,0x403a0902d22f9758df435a74921d3d7edb14d494,sell,0x07e3c70653548b04f0a75970c1f81b4cbbfb606f,0xecb3bc93f399f123ee5444c8858432905aae06cbca8f1ae2b0b2549b86d84178
352,0.3941532385205862,0.000212842748801116,0x47033e533bf5a5d18b4cea5c81b3c566071d710e,2017-10-20T05:55:12.000Z,0.0005399999999999986,0xd26f7cdd480496139f8e07ff3ee3b3ed2977478a,sell,0x07e3c70653548b04f0a75970c1f81b4cbbfb606f,0xac98291339c61964f4c29e29b05d5be115319a1cfb1df2ccb3ec35fa8c3079b6
353,134,0.082678,0x4b7ec6890b7d98100cabd7637f0c4af415867394,2017-10-20T05:34:20.000Z,0.000617,0xfbf7dc0756a9768d0c71aea5f8421f3b1eaee7d1,buy,0x07e3c70653548b04f0a75970c1f81b4cbbfb606f,0x408b9ba15d1999cde283e7149cdc82b504d2f191ff5fbc6e12479f16667cca6d
354,0.9230370691887946,0.000498440017361949,0x47033e533bf5a5d18b4cea5c81b3c566071d710e,2017-10-20T05:15:54.000Z,0.0005399999999999999,0x009a12d4290630bc01fd82516ac57c1dc6a9bcfb,sell,0x07e3c70653548b04f0a75970c1f81b4cbbfb606f,0x17da11dd18c6fb15754ffa5bed620187f0c93dfde83dd276c45b88d9b187217d
355,274.2581290279504,0.16949152373927337,0xcdfb3244f20e645777717977ea9e7de427e3be5d,2017-10-20T04:22:37.000Z,0.000618,0x49dc235474e153367b593cab41b56dff301fbea0,buy,0x07e3c70653548b04f0a75970c1f81b4cbbfb606f,0x5c3d337c28508fa592a1e39966653b14b498d6f5e6983ab799da88e92b5a55e1
356,900,0.495,0xf86c7a6a1e5d96bbff4741a365bf46f5aea3b74b,2017-10-20T00:19:39.000Z,0.00055,0xff87cd5e0ec35908b942c1b072f8f605c7c1a31c,sell,0x07e3c70653548b04f0a75970c1f81b4cbbfb606f,0x5ad4a296a7bf5a109be0145b4c996363853a519f94a4e277917c8a3785e5ca75
357,200,0.108,0x47033e533bf5a5d18b4cea5c81b3c566071d710e,2017-10-20T00:02:21.000Z,0.00054,0xff87cd5e0ec35908b942c1b072f8f605c7c1a31c,sell,0x07e3c70653548b04f0a75970c1f81b4cbbfb606f,0x597ca00493c38ef959fc14db1f4883a49622a72605508569cbc0338baedae39b
358,1087,0.5999153,0x789ade3e435a592d06b6b64391f193d2f036df14,2017-10-20T00:01:18.000Z,0.0005519,0xff87cd5e0ec35908b942c1b072f8f605c7c1a31c,sell,0x07e3c70653548b04f0a75970c1f81b4cbbfb606f,0xb85eca3170e3048ac0f3aa85d3370c3773c4143c783eef95a7cc8ed0b63d4311
359,997.6649134459129,0.5507110322221439,0x49dc235474e153367b593cab41b56dff301fbea0,2017-10-19T23:58:31.000Z,0.000552,0xff87cd5e0ec35908b942c1b072f8f605c7c1a31c,sell,0x07e3c70653548b04f0a75970c1f81b4cbbfb606f,0xf6fbbd25022e596c3c36949703f18a69de808ff1cb1a25be55e19b58f568c214
360,100,0.0553,0xf86c7a6a1e5d96bbff4741a365bf46f5aea3b74b,2017-10-19T23:55:54.000Z,0.000553,0xff87cd5e0ec35908b942c1b072f8f605c7c1a31c,sell,0x07e3c70653548b04f0a75970c1f81b4cbbfb606f,0xd28a73250f5ef9f8eeb658bc466bea8b8017f34ebe9c8ad70a023d1de651cca1
361,2.335086554087072,0.001288967777856063,0x49dc235474e153367b593cab41b56dff301fbea0,2017-10-19T21:45:27.000Z,0.0005519999999999995,0x63c7dad3785a486e50d6527ec3c62a437cafaf0e,sell,0x07e3c70653548b04f0a75970c1f81b4cbbfb606f,0x25f44f47e4fb1cbdf3bf8baa59e8d32c7e79ec8cc2001e2d6030e157254d1ea5
362,1976.3436437463563,1.0909416913479886,0x1eaa18a0e964d346f2b5182be3f97d7aab5145b9,2017-10-19T21:42:37.000Z,0.000552,0x63c7dad3785a486e50d6527ec3c62a437cafaf0e,sell,0x07e3c70653548b04f0a75970c1f81b4cbbfb606f,0x32544465b8dc3834e2aec5278e9939f0750028f3c2eb62318bdfb34e5ef84a4d
363,271.59395617176494,0.16947462865118135,0xcdfb3244f20e645777717977ea9e7de427e3be5d,2017-10-19T21:07:30.000Z,0.000624,0x1eaa18a0e964d346f2b5182be3f97d7aab5145b9,buy,0x07e3c70653548b04f0a75970c1f81b4cbbfb606f,0xc3dc48efcb529801090259d8b8416c25f6940d6f630f38f06310f2f4a2db7c75
364,15.661105183665395,0.009976124001994857,0xe651d0107cc442943df1ca3a6d0d601816f19262,2017-10-19T19:51:31.000Z,0.000637,0x1eaa18a0e964d346f2b5182be3f97d7aab5145b9,buy,0x07e3c70653548b04f0a75970c1f81b4cbbfb606f,0x4474d8c64ccb15ce690b84ced251439f547dbe3eefc919b0e3f9f2d8d6bd8c8b
365,1023.6563562536438,0.5650583086520113,0x1eaa18a0e964d346f2b5182be3f97d7aab5145b9,2017-10-19T19:04:19.000Z,0.000552,0x21c327be593fc6d52a87389a4323084cb0a2ce95,sell,0x07e3c70653548b04f0a75970c1f81b4cbbfb606f,0xe4bbcaaaa74ab83efe786841cf9b9701f374e55a1c8f61cae7ce5d9adac7ee1e
366,800,0.36,0x7ef274ae9c43bd13c5e4dab543229c4ae3bf0072,2017-10-19T18:46:46.000Z,0.00045,0x7ef274ae9c43bd13c5e4dab543229c4ae3bf0072,sell,0x07e3c70653548b04f0a75970c1f81b4cbbfb606f,0xf14a639742486ecaa5180b601957579de42f711827ec8bb38ec5b1b677dd9e8b
367,110.50135424828457,0.07049986401040556,0xe651d0107cc442943df1ca3a6d0d601816f19262,2017-10-19T18:43:08.000Z,0.000638,0xeae46ec3c5f204697789b090d03d2d2c72791af6,buy,0x07e3c70653548b04f0a75970c1f81b4cbbfb606f,0xeed964778853acd950203ab179268f241dd04a7ac293cd78f2607a9cdb1ce864
368,31.25108402197701,0.01993819160602133,0xe651d0107cc442943df1ca3a6d0d601816f19262,2017-10-19T18:27:29.000Z,0.000638,0xeae46ec3c5f204697789b090d03d2d2c72791af6,buy,0x07e3c70653548b04f0a75970c1f81b4cbbfb606f,0xee06fcd31c149920860cbd0ad606a59530fd273c27c20a7551e23daa9e77ae1d
369,133.93878975176952,0.073800273153225,0xfbf7dc0756a9768d0c71aea5f8421f3b1eaee7d1,2017-10-19T18:00:26.000Z,0.000551,0x128e9de813f598c24403e5f67946d11aafccff7e,sell,0x07e3c70653548b04f0a75970c1f81b4cbbfb606f,0xb2978d88e3701f9ebe6a829b95eabfb3626abfa5f804fff8f07bc586f630769e
370,2072.192525352927,1.3262032162258732,0xcb20cfcd83997bdb2fe5d75b7c5a4d075171bec6,2017-10-19T16:36:57.000Z,0.00064,0xb69a26abbc164f3eab04ef9a6787667bf24e197e,buy,0x07e3c70653548b04f0a75970c1f81b4cbbfb606f,0xfb759781a462c8ed1f7ced73c84ed74f83376a16646994e8fb32db0f6282f94f
371,1070,0.6848,0x2f9061a91f143ea07d433416b63de10c341f4fe3,2017-10-19T16:14:48.000Z,0.00064,0xb69a26abbc164f3eab04ef9a6787667bf24e197e,buy,0x07e3c70653548b04f0a75970c1f81b4cbbfb606f,0x5bbe3ddbfb6c616fdb59d853d00d63876caca35e0a834a13334f90245742c0d7
372,23,0.01472,0x82f07c724a7a576c3f661d10ad65d59f2d4edca5,2017-10-19T15:39:16.000Z,0.00064,0x16731550fecd15b47db42d1c0084186dedcdf579,buy,0x07e3c70653548b04f0a75970c1f81b4cbbfb606f,0x5cdf066011a8dfbd44f658b56a576be3384da150eae3948c1a310e3d45d893b2
373,77,0.04928,0x3d31ce7e389adc9fbc69bfea67df617c1d900d29,2017-10-19T15:27:59.000Z,0.00064,0x16731550fecd15b47db42d1c0084186dedcdf579,buy,0x07e3c70653548b04f0a75970c1f81b4cbbfb606f,0xc8d635f81551e81939f7add951fdacfff1dfcd58f1c8198f4ac2239404b750b8
374,10000,6.3,0x4fadf9826e469341b08457ea8b35179e403c1efa,2017-10-19T15:22:45.000Z,0.00063,0xce273629c61fa936e939f2bc33602850c58a7a8a,buy,0x07e3c70653548b04f0a75970c1f81b4cbbfb606f,0x20fd31bcfab171c20eedc4dfdaa7aed32ccd082e47fc3cb5a430238336c96057
375,118,0.07552,0x73db8dc7e028f99e21e81cd9f8409c4aec213f3a,2017-10-19T14:51:20.000Z,0.00064,0xff87cd5e0ec35908b942c1b072f8f605c7c1a31c,sell,0x07e3c70653548b04f0a75970c1f81b4cbbfb606f,0xdcd870a5f150186778ff3a89a26e22c4da6fe623313c513bf0caffdc73973c2c
