,amount,amountBase,buyer,date,price,seller,side,tokenAddr,txHash
0,2975.774687,0.648718881766,0x16085ac02e9f9894a7f53fb846308f7356a249d2,2017-11-01T18:59:39.000Z,0.000218,0x7ee6aca306d9f09abd8475df8775926931d5d971,sell,0x72adadb447784dd7ab1f472467750fc485e4cb2d,0x408f3c7cd3abcd67eccd776480e29fa56bd7b1cb1f52c9bf924b4b5b8c9d4bc7
1,5000,1.1,0x16085ac02e9f9894a7f53fb846308f7356a249d2,2017-11-01T18:55:17.000Z,0.00022,0x7ee6aca306d9f09abd8475df8775926931d5d971,sell,0x72adadb447784dd7ab1f472467750fc485e4cb2d,0x6b6fd15395a87e970bab10dd8a842b6920cce0170517639812824a49182284bc
2,35,0.010815,0x0fe73b7e4aeb944b13650922598d9f1c0953d19c,2017-11-01T12:11:39.000Z,0.000309,0xfbf7dc0756a9768d0c71aea5f8421f3b1eaee7d1,buy,0x72adadb447784dd7ab1f472467750fc485e4cb2d,0x549e4c04511518785cde05516af62fc1693ca93c071af02a3ccf0a75b4c7e5a3
3,59,0.01475,0xf29cdd1dfe955a0a5260a500bcf0ce1f73a07056,2017-11-01T03:13:50.000Z,0.00025,0xfbf7dc0756a9768d0c71aea5f8421f3b1eaee7d1,sell,0x72adadb447784dd7ab1f472467750fc485e4cb2d,0xc145f3f9d40db926ea46717492e1596c7fa429ad89e3bd05a0b000775c20b4e5
4,394.417501,0.098604769667501,0x93e4187ec3d79e1fcee82a3458512a2b09e9b5f5,2017-10-30T23:32:40.000Z,0.000250001,0xfbf7dc0756a9768d0c71aea5f8421f3b1eaee7d1,sell,0x72adadb447784dd7ab1f472467750fc485e4cb2d,0x1355b87d5c02c7e2e2eccbe0e21912625b353085b5d152fe35820dca49fa3165
5,2000,0.5,0x029df3287ac583dd31e100b63687fbdc50ffbbbd,2017-10-30T23:32:40.000Z,0.00025,0xfbf7dc0756a9768d0c71aea5f8421f3b1eaee7d1,sell,0x72adadb447784dd7ab1f472467750fc485e4cb2d,0x5ffd7e5c3bfefe28494627490094735f97aacb59e57e1295c493a301f05eea50
6,0.312288,0.00005621184,0x954e65a23b837f4fc7f7950806cb2a291c295b6f,2017-10-30T11:18:37.000Z,0.00018,0xa58cf935145b39a65da6c86f1ad926edcc30d130,sell,0x72adadb447784dd7ab1f472467750fc485e4cb2d,0x53e6f1a13d788904a55504f09d0cd6c74db4945fbc8e3d8175e9d6b4251ffc07
7,3132.566394,0.56386195092,0x954e65a23b837f4fc7f7950806cb2a291c295b6f,2017-10-30T11:17:41.000Z,0.00018,0xa58cf935145b39a65da6c86f1ad926edcc30d130,sell,0x72adadb447784dd7ab1f472467750fc485e4cb2d,0x24c6edc90e51f16cc9ad683b2b9122afc2771c71789fd34846ba4f00b779c51a
8,400,0.08,0x954e65a23b837f4fc7f7950806cb2a291c295b6f,2017-10-30T11:16:33.000Z,0.0002,0xa58cf935145b39a65da6c86f1ad926edcc30d130,sell,0x72adadb447784dd7ab1f472467750fc485e4cb2d,0xf2a195c0214a962f07061b56b3ac3b50c314ddf0229d423cb7d1801326969542
9,1000,0.201001,0x93e4187ec3d79e1fcee82a3458512a2b09e9b5f5,2017-10-30T11:15:39.000Z,0.000201001,0xa58cf935145b39a65da6c86f1ad926edcc30d130,sell,0x72adadb447784dd7ab1f472467750fc485e4cb2d,0x3c9c633ca03bcae7c90d6e18f07f0fd931a72bc3fc1d16e1a2fc251cc0b4b3ff
10,2085.15,0.41911515,0xfbf7dc0756a9768d0c71aea5f8421f3b1eaee7d1,2017-10-30T10:32:19.000Z,0.000201,0xa58cf935145b39a65da6c86f1ad926edcc30d130,sell,0x72adadb447784dd7ab1f472467750fc485e4cb2d,0x5add0c11aa65f5535a559546ef0e7d4beda6711251f25cf04307db45d3ae9074
11,3200.258099,0.643251877899,0xfbf7dc0756a9768d0c71aea5f8421f3b1eaee7d1,2017-10-30T10:02:48.000Z,0.000201,0x8c651b6f3bd5f5404df5e9799bd583f9b5bb99d2,sell,0x72adadb447784dd7ab1f472467750fc485e4cb2d,0x04fa0355811dccc4219f47be4142f0fd6136c64e0303bbf95eed53f2ecb6049c
12,4598.75,1.011725,0x00c701a2d5cbf871d14b2e3704642b034f1d4f14,2017-10-30T03:35:55.000Z,0.00022,0xc1d010136a299afbf307e84884eb9bb34a1dd967,buy,0x72adadb447784dd7ab1f472467750fc485e4cb2d,0xd3cc1f234e718adc90bd5e8dc98a9a36213c6e72ab8408df7acc86356b733a4d
13,20,0.0062,0xe08ac75b5dc66269bb177b35950005c0cbc7468e,2017-10-29T05:27:11.000Z,0.00031,0xc1d010136a299afbf307e84884eb9bb34a1dd967,buy,0x72adadb447784dd7ab1f472467750fc485e4cb2d,0x677382e9acdd59ec3dde4b8dfafe5757b9f39677da5ce301989d52c6f940e9d3
14,2987.665551,0.914321263903632,0x09dd368308cb721284e7f1982535ab911c22fc88,2017-10-29T00:50:52.000Z,0.000306032,0xd2ea382e498316d91b9de8557670149b479721a0,sell,0x72adadb447784dd7ab1f472467750fc485e4cb2d,0xfff545c8e937d66fcde368ab9127f091f2c72ee0e7f5d7c061e8eec636adf48c
15,2996.655518,0.895999999882,0xd2ea382e498316d91b9de8557670149b479721a0,2017-10-29T00:50:52.000Z,0.000299,0x24418ab1b19550b380652432eac1ab37bf3d0fa9,buy,0x72adadb447784dd7ab1f472467750fc485e4cb2d,0xfff545c8e937d66fcde368ab9127f091f2c72ee0e7f5d7c061e8eec636adf48c
16,1.67224,0.0005,0xe444a40689f51f63bcd29910622035707d533d29,2017-10-28T21:09:53.000Z,0.0002990001435200689,0x24418ab1b19550b380652432eac1ab37bf3d0fa9,buy,0x72adadb447784dd7ab1f472467750fc485e4cb2d,0x45ec5c2e37486b0d60d429001031a1b57fc9cc16033f357c986d0fd8d0ca8c30
17,1.67224,0.0005,0x34f9560c63078eb61872a4dc2ccd20e21c34feaf,2017-10-28T21:09:53.000Z,0.0002990001435200689,0x24418ab1b19550b380652432eac1ab37bf3d0fa9,buy,0x72adadb447784dd7ab1f472467750fc485e4cb2d,0x5821735d2a75fc604a1cf69d2e338311cc7ccedd008b9dcddd4fafbedc9bd41b
18,986.059,0.2660387182,0xca4248f9b0412e3bad0402505d0120f3420c54f8,2017-10-28T10:00:52.000Z,0.0002698,0xc1247afc472ead93b059f15d1494cfc937809c8f,buy,0x72adadb447784dd7ab1f472467750fc485e4cb2d,0x1af98488f109fd6004a1ce399d7187ec3c106822e9765e760945d6965f6b7f16
19,1,0.0002698,0x6cc35dde357889afae4548a52cc6138e1bd81a9d,2017-10-28T08:39:03.000Z,0.0002698,0xc1247afc472ead93b059f15d1494cfc937809c8f,buy,0x72adadb447784dd7ab1f472467750fc485e4cb2d,0x5b2ee1d641151516406d2e5e3c91c138fd11913bbaa71d96930ddc1cddae9078
20,12.902,0.0034822498,0xf78c3a7514055c8fdf95ac594eb2f27784e807db,2017-10-28T02:23:33.000Z,0.0002699,0xc1247afc472ead93b059f15d1494cfc937809c8f,sell,0x72adadb447784dd7ab1f472467750fc485e4cb2d,0xbfa7edbf0b361bc72955f8e2f1d374f628f16bb7acc61d11eccfd692e81c6077
21,17.699631,0.004777130533666837,0xbfa1bcae815d690f07e15bc563346fc8d91f1f1a,2017-10-27T16:04:54.000Z,0.0002699000071621175,0x24418ab1b19550b380652432eac1ab37bf3d0fa9,buy,0x72adadb447784dd7ab1f472467750fc485e4cb2d,0x31281fb38096aec7178118040652bb3eccb0fa4dfba54e1c32d518d66f614fed
22,2.248031,0.0006067435669,0xf78c3a7514055c8fdf95ac594eb2f27784e807db,2017-10-27T15:29:43.000Z,0.0002699,0xa3b2ceb252ec28d6bb74c78831ebfa56829ff4ed,sell,0x72adadb447784dd7ab1f472467750fc485e4cb2d,0x5e4b53147bdb0aaa3969ba0696a87c158638a2e8d1c09942fd5a8097c26fa832
23,2.255,0.0006086245,0xa3b2ceb252ec28d6bb74c78831ebfa56829ff4ed,2017-10-27T15:24:23.000Z,0.0002699,0x24418ab1b19550b380652432eac1ab37bf3d0fa9,buy,0x72adadb447784dd7ab1f472467750fc485e4cb2d,0x3e8e0309f138f5ed73384f3254caa420500c422802b5a7faeaeed433cc63ba5b
24,0.849635,0.0002293164865,0xf78c3a7514055c8fdf95ac594eb2f27784e807db,2017-10-27T15:22:23.000Z,0.0002699,0xc278952107e53ace44099d5ff1d4471fa6dfb726,sell,0x72adadb447784dd7ab1f472467750fc485e4cb2d,0x6653e89eb6501267022e89a207725b703092f4184dd542f888d8e7af20981e1c
25,147.745028,0.03987638321204267,0xbfa1bcae815d690f07e15bc563346fc8d91f1f1a,2017-10-27T15:15:26.000Z,0.0002699000010480398,0x24418ab1b19550b380652432eac1ab37bf3d0fa9,buy,0x72adadb447784dd7ab1f472467750fc485e4cb2d,0x9068a94aaa7114b29c05402b3927983df4cb9397ab9f1c33e9005734d597b40e
26,440,0.11,0x00c701a2d5cbf871d14b2e3704642b034f1d4f14,2017-10-27T07:13:01.000Z,0.00025,0xc278952107e53ace44099d5ff1d4471fa6dfb726,buy,0x72adadb447784dd7ab1f472467750fc485e4cb2d,0xd77bd8557f4ba800091b64807e7f1b095d1e9bf3faab6085371de43b0e2e2770
27,999.999,0.225999774,0x00c701a2d5cbf871d14b2e3704642b034f1d4f14,2017-10-27T06:57:49.000Z,0.000226,0xc278952107e53ace44099d5ff1d4471fa6dfb726,buy,0x72adadb447784dd7ab1f472467750fc485e4cb2d,0x5eadb905d54bfcb511ab57f5dab6ef43eed5948a616ded489f755d7ef1a7477b
28,1498.5,0.33851115,0x00c701a2d5cbf871d14b2e3704642b034f1d4f14,2017-10-27T06:57:04.000Z,0.0002259,0xd601541eb42c83bd871639c1b6a21a9e08405268,buy,0x72adadb447784dd7ab1f472467750fc485e4cb2d,0xf0dfd9b29adef40aaf2123c62ccdc8579fc87eb85d4abc5ec76eda6c3d045781
29,3000,0.67767,0x00c701a2d5cbf871d14b2e3704642b034f1d4f14,2017-10-27T06:56:30.000Z,0.00022589,0x24418ab1b19550b380652432eac1ab37bf3d0fa9,buy,0x72adadb447784dd7ab1f472467750fc485e4cb2d,0x97dd693207bf3f96d96ad1ea75a9f0a48072eef3caf6aec8b5436990868cecb7
30,500,0.11,0x57b8de75110c4eb4a7b772bbe35f9277c9dfb151,2017-10-27T02:19:37.000Z,0.00022,0xd601541eb42c83bd871639c1b6a21a9e08405268,sell,0x72adadb447784dd7ab1f472467750fc485e4cb2d,0x4e864f5014e2679eca8390e3d89ecfe16d7f99e471636ba552bb5e90f77bc27e
31,440.85136,0.03570896016,0xc278952107e53ace44099d5ff1d4471fa6dfb726,2017-10-26T17:36:45.000Z,0.000081,0x23ce9f95dcda612bfbb243d576f1a1d4e1a7b658,sell,0x72adadb447784dd7ab1f472467750fc485e4cb2d,0x960d27f34c3e8440b09ed6b74d16b9d036c434d8829d19a6e095874b305c466b
32,2876.770057,0.2301418922370057,0x24418ab1b19550b380652432eac1ab37bf3d0fa9,2017-10-26T14:26:49.000Z,0.0000800001,0xc81a9fece337fe680f4c7cd572555a80e7de94d6,sell,0x72adadb447784dd7ab1f472467750fc485e4cb2d,0x7dc23ef99a24acddd5bfd958c1230536c1b538df626443c80563ee0cb1a2a451
33,12500,1.0000125,0xa14f6bbc42fe27cea9b0ceac068f25acfbe59523,2017-10-26T14:24:33.000Z,0.000080001,0xc81a9fece337fe680f4c7cd572555a80e7de94d6,sell,0x72adadb447784dd7ab1f472467750fc485e4cb2d,0x8561112731d7add3421f174fe334806b089d3a249f63b6fcd406f4b615883ddf
34,2000,0.123,0xd601541eb42c83bd871639c1b6a21a9e08405268,2017-10-26T07:52:53.000Z,0.0000615,0xc81a9fece337fe680f4c7cd572555a80e7de94d6,sell,0x72adadb447784dd7ab1f472467750fc485e4cb2d,0x72f232e0d42cd42de8446e13842cd3a8b591e63c5bbf1a81f150f4db0728f1c9
35,20.6,0.005768,0x00c701a2d5cbf871d14b2e3704642b034f1d4f14,2017-10-26T07:17:04.000Z,0.00028,0xcb268eb8ed168c25bd17c7a2af51a69f9134cbe1,buy,0x72adadb447784dd7ab1f472467750fc485e4cb2d,0xc1179cce9f1279447a368321fa613e67ba9d55fe9cfd6f16e7b249ca54c16ef6
36,442.218,0.036704094,0x23ce9f95dcda612bfbb243d576f1a1d4e1a7b658,2017-10-26T04:22:38.000Z,0.000083,0xc81a9fece337fe680f4c7cd572555a80e7de94d6,sell,0x72adadb447784dd7ab1f472467750fc485e4cb2d,0x11f0d7769b1464652c82aa3688d7c1f384513d70ce59964b38c0e878264764b3
37,5000,0.330005,0x24418ab1b19550b380652432eac1ab37bf3d0fa9,2017-10-26T04:22:07.000Z,0.000066001,0xc81a9fece337fe680f4c7cd572555a80e7de94d6,sell,0x72adadb447784dd7ab1f472467750fc485e4cb2d,0x3003cea4bac48d4a95a99fe91dd2b70d9934d34fa32ee332500af3aadc6608f9
38,4997,1.39916,0x00c701a2d5cbf871d14b2e3704642b034f1d4f14,2017-10-26T03:53:06.000Z,0.00028,0x251bccb83d9dbc592d5edf29f1227c6c5d7e193a,buy,0x72adadb447784dd7ab1f472467750fc485e4cb2d,0x465770c7ace41d1ee5e359a7560b83881444f0cff4d8a1314856b050549a6fe2
39,2000,0.56,0x00c701a2d5cbf871d14b2e3704642b034f1d4f14,2017-10-26T03:53:01.000Z,0.00028,0x24418ab1b19550b380652432eac1ab37bf3d0fa9,buy,0x72adadb447784dd7ab1f472467750fc485e4cb2d,0xdc32304ab66d9411a3d541dc5e24788994db92b4e1141aa5e9c2c3d3d2425ba5
40,1000,0.0900001,0xc1247afc472ead93b059f15d1494cfc937809c8f,2017-10-26T01:25:00.000Z,0.0000900001,0xc81a9fece337fe680f4c7cd572555a80e7de94d6,sell,0x72adadb447784dd7ab1f472467750fc485e4cb2d,0x4812e2b9d86d3448bb87897dfe69671b0f415cc60a7eb3f2c41e593f589dcd97
41,5000,0.3300005,0x487b8d3847d8718267a07c8c7e8ed354983bf34c,2017-10-26T01:04:51.000Z,0.0000660001,0xc81a9fece337fe680f4c7cd572555a80e7de94d6,sell,0x72adadb447784dd7ab1f472467750fc485e4cb2d,0x92460c3aaa95cd2d64d37654dfc687e8ffc247a24f3348ca349342280944fdf3
42,5000,0.350001,0x24418ab1b19550b380652432eac1ab37bf3d0fa9,2017-10-26T01:04:35.000Z,0.0000700002,0xc81a9fece337fe680f4c7cd572555a80e7de94d6,sell,0x72adadb447784dd7ab1f472467750fc485e4cb2d,0x378da0e22b0d2d8b27c4e8cbf05498dca928cf2d0c24a1d9f545a4a3575338b7
43,5000,0.3500005,0x487b8d3847d8718267a07c8c7e8ed354983bf34c,2017-10-26T01:04:24.000Z,0.0000700001,0xc81a9fece337fe680f4c7cd572555a80e7de94d6,sell,0x72adadb447784dd7ab1f472467750fc485e4cb2d,0x828919d588eba413ef7c9cf159eb0d2f07f66a6047d2804def9d3926d15310e6
44,2499.003,0.22491027,0xc278952107e53ace44099d5ff1d4471fa6dfb726,2017-10-26T01:04:04.000Z,0.00009,0xc81a9fece337fe680f4c7cd572555a80e7de94d6,sell,0x72adadb447784dd7ab1f472467750fc485e4cb2d,0x80647c04e40285f5f3bc3874f0e8065c6bb77614aadba8f986d01591234f7a00
45,0.996909,0.00008972181,0xc278952107e53ace44099d5ff1d4471fa6dfb726,2017-10-25T19:01:26.000Z,0.00009,0x302b55b3e8bfff5d0ff9ac6837e1759f02afdd05,sell,0x72adadb447784dd7ab1f472467750fc485e4cb2d,0x14fe3da127bea514926e7ff1ab179d30d2382c4786ab67de6e56ed0c95a18d5d
46,85.449506,0.029907327162180454,0x265e32c4d11edb84cf711a19a54aff636b58fe62,2017-10-25T17:20:02.000Z,0.0003500000007276865,0x6d7ff4d014737ade242c42294de9cc8c6d4e2643,buy,0x72adadb447784dd7ab1f472467750fc485e4cb2d,0x7fd0da2359ba7d23fc36085ea45baf8bff71f150ea6227b9ee5dccc95cf5b263
47,1,0.0002999,0x0249924245a19aa2d7f5ddb0739a7132b7d094ab,2017-10-24T23:52:36.000Z,0.0002999,0xcb268eb8ed168c25bd17c7a2af51a69f9134cbe1,buy,0x72adadb447784dd7ab1f472467750fc485e4cb2d,0x62822133c15a30dc7ee015919d8c81cb74ad3d1bd33ca3e7cc41aec438a9039c
48,968.966751,0.11627601012,0x702cef03b9bd2f8857cfc43f5588ed09a87cfe0b,2017-10-24T23:21:13.000Z,0.00012,0xc81a9fece337fe680f4c7cd572555a80e7de94d6,sell,0x72adadb447784dd7ab1f472467750fc485e4cb2d,0x29a6413c58a26df2c5e3e9e1115bbbe8f18d950fafa23f8e0a2db1862d09de90
49,10000,1.01,0x7af82a2f5f1611068034d133962b26b4ac7f902a,2017-10-24T23:20:56.000Z,0.000101,0xc81a9fece337fe680f4c7cd572555a80e7de94d6,sell,0x72adadb447784dd7ab1f472467750fc485e4cb2d,0x73761af58b6d4ead79583d85a368c45e57a37412190ec59f77921bf9a9509293
50,10000,1.200001,0x487b8d3847d8718267a07c8c7e8ed354983bf34c,2017-10-24T23:20:56.000Z,0.0001200001,0xc81a9fece337fe680f4c7cd572555a80e7de94d6,sell,0x72adadb447784dd7ab1f472467750fc485e4cb2d,0x48d710dca80604c4151ec2cfce9b1c3a0930c5b7548213d70add7e1163603253
51,7503.433,0.907915393,0x7ee6aca306d9f09abd8475df8775926931d5d971,2017-10-24T23:20:24.000Z,0.000121,0xc81a9fece337fe680f4c7cd572555a80e7de94d6,sell,0x72adadb447784dd7ab1f472467750fc485e4cb2d,0x922a722a5f3e76945c60a862d80584869f4a3d93de3b553d5993dfb08887f694
52,496.566589,0.060084557269,0x7ee6aca306d9f09abd8475df8775926931d5d971,2017-10-24T21:45:33.000Z,0.000121,0xc81a9fece337fe680f4c7cd572555a80e7de94d6,sell,0x72adadb447784dd7ab1f472467750fc485e4cb2d,0x4260a046c49eda00de8785aca93431e31bfeaee9c749d414e28b0f0bbcc74f83
53,10000,1.205,0xa14f6bbc42fe27cea9b0ceac068f25acfbe59523,2017-10-24T19:03:01.000Z,0.0001205,0x251bccb83d9dbc592d5edf29f1227c6c5d7e193a,sell,0x72adadb447784dd7ab1f472467750fc485e4cb2d,0xc9abbd90be806d811a4696171b16be506c2acd2f03bba027aad769a8440ea1c3
54,15000,1.815,0xa14f6bbc42fe27cea9b0ceac068f25acfbe59523,2017-10-24T19:02:08.000Z,0.000121,0x251bccb83d9dbc592d5edf29f1227c6c5d7e193a,sell,0x72adadb447784dd7ab1f472467750fc485e4cb2d,0xdfc65b1942d831ff7b5df139f3d52f3093d3c0546ee690c9a4af3765f7fb97b3
55,0.383519,0.000046789318,0x251bccb83d9dbc592d5edf29f1227c6c5d7e193a,2017-10-24T16:03:52.000Z,0.000122,0x120523daa602ef7d8b93d5ac161192b232468d79,sell,0x72adadb447784dd7ab1f472467750fc485e4cb2d,0x69eb5b5eef6141f7959f152a68ca632c1917d9a84eddc988ce470220cc93f66e
56,21.783996,0.0027665762055984,0xcb268eb8ed168c25bd17c7a2af51a69f9134cbe1,2017-10-24T15:32:41.000Z,0.0001270004,0xc81a9fece337fe680f4c7cd572555a80e7de94d6,sell,0x72adadb447784dd7ab1f472467750fc485e4cb2d,0x94411866ff094252b433d38309e87ae6d94df45aa4b7144d1bf7a35e1619ca53
57,5000,0.6050005,0x487b8d3847d8718267a07c8c7e8ed354983bf34c,2017-10-24T15:31:07.000Z,0.0001210001,0xc81a9fece337fe680f4c7cd572555a80e7de94d6,sell,0x72adadb447784dd7ab1f472467750fc485e4cb2d,0x84927faca85782bfcfefc7b57305f2cea3d34b33bd4c8894369340525826b0bf
58,10000,1.2,0x251bccb83d9dbc592d5edf29f1227c6c5d7e193a,2017-10-24T15:11:53.000Z,0.00012,0xc81a9fece337fe680f4c7cd572555a80e7de94d6,sell,0x72adadb447784dd7ab1f472467750fc485e4cb2d,0x84036523083ef8a0021c558788992eb3a50788e014411f59af3c5459bb6a495a
59,10000,1.2,0x251bccb83d9dbc592d5edf29f1227c6c5d7e193a,2017-10-24T15:05:28.000Z,0.00012,0xc81a9fece337fe680f4c7cd572555a80e7de94d6,sell,0x72adadb447784dd7ab1f472467750fc485e4cb2d,0x26a1ecba5a9367af03dd7cc9ccc70efbfa57874e6c82ee8fc289a39761b2994f
60,5000,0.635,0x251bccb83d9dbc592d5edf29f1227c6c5d7e193a,2017-10-24T15:03:46.000Z,0.000127,0xc81a9fece337fe680f4c7cd572555a80e7de94d6,sell,0x72adadb447784dd7ab1f472467750fc485e4cb2d,0x073c7e7d082dfddf76ba2824744ca707670f4fade046fca1b61c07521206547e
61,1000,0.1010001,0x24418ab1b19550b380652432eac1ab37bf3d0fa9,2017-10-24T15:02:28.000Z,0.0001010001,0xc81a9fece337fe680f4c7cd572555a80e7de94d6,sell,0x72adadb447784dd7ab1f472467750fc485e4cb2d,0x2756330b0accc48843cb653f813101ea9bc100dddc12781ccf199a2f1ca17200
62,6152.92593,0.769116356542593,0x487b8d3847d8718267a07c8c7e8ed354983bf34c,2017-10-24T15:01:05.000Z,0.0001250001,0xc81a9fece337fe680f4c7cd572555a80e7de94d6,sell,0x72adadb447784dd7ab1f472467750fc485e4cb2d,0x2c1e9b6bffe5a10409e7caee2205ba8fc17a622546a72191d60e58be1c3c44df
63,2000,0.2540004,0x24418ab1b19550b380652432eac1ab37bf3d0fa9,2017-10-24T14:57:28.000Z,0.0001270002,0xc81a9fece337fe680f4c7cd572555a80e7de94d6,sell,0x72adadb447784dd7ab1f472467750fc485e4cb2d,0xcbe3115d59a5c8587fa1167651932f2ca2a408152a7d159dc72b6185bbc6d66f
64,3847.07407,0.480884643457407,0x487b8d3847d8718267a07c8c7e8ed354983bf34c,2017-10-24T12:10:56.000Z,0.0001250001,0x120523daa602ef7d8b93d5ac161192b232468d79,sell,0x72adadb447784dd7ab1f472467750fc485e4cb2d,0x943d45a4ca4ee3b8d975ba93cff796894d483c25e7729d07aff32e706e333997
65,1500,0.1875,0x34b62809df67ca50355e34c62035f0f349e001c7,2017-10-23T22:55:23.000Z,0.000125,0xc81a9fece337fe680f4c7cd572555a80e7de94d6,sell,0x72adadb447784dd7ab1f472467750fc485e4cb2d,0x6d1f77ecd5e0c11e440973f1d107bdcd3305aa1b33e44c40b5f551b41f000839
66,1000,0.127,0x29b8eca0a380c562a00b7e5d1fbc624e5be736a5,2017-10-23T22:54:59.000Z,0.000127,0xc81a9fece337fe680f4c7cd572555a80e7de94d6,sell,0x72adadb447784dd7ab1f472467750fc485e4cb2d,0x7418689ccb46fab1286df89cb1273f0a9e45391375de7170d46a2f1baa994c03
67,2000,0.2500002,0x24418ab1b19550b380652432eac1ab37bf3d0fa9,2017-10-23T22:52:21.000Z,0.0001250001,0xc81a9fece337fe680f4c7cd572555a80e7de94d6,sell,0x72adadb447784dd7ab1f472467750fc485e4cb2d,0x32f5981a0425d58e5c953a2d1caebd4adad571e63c7582f44608e6446b1cc2d4
68,2000,0.719958,0x120523daa602ef7d8b93d5ac161192b232468d79,2017-10-23T12:49:25.000Z,0.000359979,0x251bccb83d9dbc592d5edf29f1227c6c5d7e193a,buy,0x72adadb447784dd7ab1f472467750fc485e4cb2d,0x2529ba3657ff73dc9b7f49ee5d62165d3539663e42beabba2c7fdd1839ab807c
69,1859,0.669199102,0x120523daa602ef7d8b93d5ac161192b232468d79,2017-10-23T12:49:15.000Z,0.000359978,0x02d55a29766a3e63f4b459e57c6054e8b4359867,buy,0x72adadb447784dd7ab1f472467750fc485e4cb2d,0xd6a0ae7854f5ab1de3b9fdf6edd7e328aa58ba985f8825c9c9566063b7f2b784
70,699.003,0.263524131,0x29b8eca0a380c562a00b7e5d1fbc624e5be736a5,2017-10-22T20:34:00.000Z,0.000377,0x02d55a29766a3e63f4b459e57c6054e8b4359867,sell,0x72adadb447784dd7ab1f472467750fc485e4cb2d,0xd5889b9848c16a9ac7f3ce65ae7f478593ad56c25e0ebb24004fcd5d3fa554a2
71,0.996909,0.000375834693,0x29b8eca0a380c562a00b7e5d1fbc624e5be736a5,2017-10-22T18:34:44.000Z,0.000377,0xa726a5844815986650b4d5b7d6c97c54f749f32b,sell,0x72adadb447784dd7ab1f472467750fc485e4cb2d,0x6ba08f3f6a3d9a1d260584dd917eb71bcc663059d55701e3b5b69460fb6e04ce
72,9.212092,0.005527255611283617,0x565db5808d543489ef9fa994c5d82f31669f07da,2017-10-22T09:01:18.000Z,0.0006000000446460606,0x251bccb83d9dbc592d5edf29f1227c6c5d7e193a,buy,0x72adadb447784dd7ab1f472467750fc485e4cb2d,0x890946af83a76dd402c26c42669231703a56231e55495737aedce41265f7163f
73,0.833333,0.0005,0xf9695cd65d6dfdf257fab76a3eb0cb8f001971cc,2017-10-22T04:59:49.000Z,0.000600000240000096,0x251bccb83d9dbc592d5edf29f1227c6c5d7e193a,buy,0x72adadb447784dd7ab1f472467750fc485e4cb2d,0x420ae78d6690ad00382064d6a5adf95e27552ba3d8cc8d6064b9a2bcf1264555
74,0.1,0.00006,0x6cdea8e07bf82d7a07dbf36642d6e5be8623845c,2017-10-22T03:52:57.000Z,0.0006,0x251bccb83d9dbc592d5edf29f1227c6c5d7e193a,buy,0x72adadb447784dd7ab1f472467750fc485e4cb2d,0xda004cb4ae0a91609009844d202eb8cdde7a7f547d6327cdc4972579f9aaaa4a
75,0.833333,0.0005,0x42c24a83bded723edfdf5883bc7efb30bc1a1bf3,2017-10-22T02:05:42.000Z,0.000600000240000096,0x5cdbe0bb543a710dac740b68bd25aa251fdb7709,buy,0x72adadb447784dd7ab1f472467750fc485e4cb2d,0x7c419ab00195c9cb0ec64280fb8620fa0d03744dcc0313e10da778ee6b989c7f
76,0.833333,0.0005,0x379374d13077e8867ef31803c37baf9785a17c00,2017-10-22T02:01:25.000Z,0.000600000240000096,0x5cdbe0bb543a710dac740b68bd25aa251fdb7709,buy,0x72adadb447784dd7ab1f472467750fc485e4cb2d,0x4906ff25c8fab72c41674bbf2f61ecf48bb48fd1a585a57c8645d41a573a1d36
77,0.833333,0.0005,0xcd912af5286dc0b0a23edb30209734ecb60838b3,2017-10-22T02:01:08.000Z,0.000600000240000096,0x5cdbe0bb543a710dac740b68bd25aa251fdb7709,buy,0x72adadb447784dd7ab1f472467750fc485e4cb2d,0x35bf65c76656a591a5cd95b343805b79a318e8192a5b04a6256335f0ae4c8df3
78,0.833333,0.0005,0x16e5d97bbc92417e051e3b2cabfbf8ceea2acb9c,2017-10-22T01:58:43.000Z,0.000600000240000096,0x5cdbe0bb543a710dac740b68bd25aa251fdb7709,buy,0x72adadb447784dd7ab1f472467750fc485e4cb2d,0x0bdca4d18c4ab42b82636c1957e3b5ffb9b660e0fdab5e5ebe9cb737d617d4ce
79,1,0.0022,0x3ac636ac5c3a2576156ac5f10066ca68abe0ad54,2017-10-18T22:15:46.000Z,0.0022,0x34b62809df67ca50355e34c62035f0f349e001c7,buy,0x72adadb447784dd7ab1f472467750fc485e4cb2d,0x9e6f2144a9d31810180285671fbd147bc255257d2092de543a5e51aa3a6db7c4
80,0.0686,0.0001509199314,0x0a72ebae0321b78bf42b5846c57f90d714a5cb31,2017-10-18T22:05:56.000Z,0.002199999,0x02d55a29766a3e63f4b459e57c6054e8b4359867,buy,0x72adadb447784dd7ab1f472467750fc485e4cb2d,0x8d23fe4a89805758d53ff9f6a718bcd788ae3823abed7fc202788e43fc7b9914
81,79.314479,0.17449177609418404,0x71da49dd8e0dabb9e104937bca066a69fa3b76b3,2017-10-18T21:48:26.000Z,0.0021999990202820853,0x02d55a29766a3e63f4b459e57c6054e8b4359867,buy,0x72adadb447784dd7ab1f472467750fc485e4cb2d,0x11347306bcde17627327cd9a55d3f4e897a5b35f67b4496ac4cb9f593195adb0
82,150,0.2985,0x71da49dd8e0dabb9e104937bca066a69fa3b76b3,2017-10-18T21:47:39.000Z,0.00199,0x24418ab1b19550b380652432eac1ab37bf3d0fa9,buy,0x72adadb447784dd7ab1f472467750fc485e4cb2d,0x3bfe8edd095c5995fbc22e6051cd2bcf4cb8d75a5eae78fc6dcea8600fd57a49
83,100,0.1989999,0x71da49dd8e0dabb9e104937bca066a69fa3b76b3,2017-10-18T21:47:17.000Z,0.001989999,0x02d55a29766a3e63f4b459e57c6054e8b4359867,buy,0x72adadb447784dd7ab1f472467750fc485e4cb2d,0x29d34f921ee0275bbad57f040600c3d536cac8eb249ee36d701e3e67c7687d3d
84,100,0.0999999,0x71da49dd8e0dabb9e104937bca066a69fa3b76b3,2017-10-18T21:47:11.000Z,0.000999999,0x02d55a29766a3e63f4b459e57c6054e8b4359867,buy,0x72adadb447784dd7ab1f472467750fc485e4cb2d,0x18685acd8ef541accb5a7ec959217a698f410a697a81bdf8b93e513dd8965df5
85,150,0.225,0x71da49dd8e0dabb9e104937bca066a69fa3b76b3,2017-10-18T21:47:11.000Z,0.0015,0x02d55a29766a3e63f4b459e57c6054e8b4359867,buy,0x72adadb447784dd7ab1f472467750fc485e4cb2d,0xe3cc0643e43c3c485f7092d0e8cd03bbec9be6f8c2d90016ce55e6b28441fd55
86,150,0.135,0x24418ab1b19550b380652432eac1ab37bf3d0fa9,2017-10-18T15:25:17.000Z,0.0009,0x02d55a29766a3e63f4b459e57c6054e8b4359867,buy,0x72adadb447784dd7ab1f472467750fc485e4cb2d,0xab6ad261e1c667ae375eb37262a91c408689644c22f0f2640d4d706475bc0b7e
87,0.227272,0.0005,0x16e5d97bbc92417e051e3b2cabfbf8ceea2acb9c,2017-10-17T18:39:12.000Z,0.002200007040022528,0xaa85b24ac88a0a235f1977821194adce1cda9144,buy,0x72adadb447784dd7ab1f472467750fc485e4cb2d,0xb162e95e872b3e3d749f963622a5cb23fb43f4751995d4827ec94d5dfdbb38a8
88,0.227272,0.0005,0x42c24a83bded723edfdf5883bc7efb30bc1a1bf3,2017-10-17T16:41:37.000Z,0.002200007040022528,0xaa85b24ac88a0a235f1977821194adce1cda9144,buy,0x72adadb447784dd7ab1f472467750fc485e4cb2d,0x3431650a0bef3ddd711b980a6c88618393a76adf855ce3d0b3425a989b3554fc
