,amount,amountBase,buyer,date,price,seller,side,tokenAddr,txHash
0,33472,2.045674752,0xff4482de17e729e19d75d70fc005f2e4ba75905f,2017-11-02T17:22:14.000Z,0.000061116,0x00a6ae3dc7e5af897322e62923124d13a6336168,buy,0x419d0d8bdd9af5e606ae2232ed285aff190e711b,0x20f8cc1edf325794bd8029c6e0b6e30dd35e289caa866422ea20873b509ed582
1,4585.92363672,0.23342809903268472,0x5e70df6141285385d68fef85f3597bf863936867,2017-11-02T16:35:58.000Z,0.000050901,0x2a4656b3bbc2d0472adc26db0e6f5914db931006,sell,0x419d0d8bdd9af5e606ae2232ed285aff190e711b,0x3df44d18a082da530e6c785edc7482b5eb5a563196d28ddc2efecbaaba07ce64
2,28,0.001711248,0xe2280e01e446eca796a058c9ec6442aba307822e,2017-11-02T15:18:11.000Z,0.000061116,0x00a6ae3dc7e5af897322e62923124d13a6336168,buy,0x419d0d8bdd9af5e606ae2232ed285aff190e711b,0xed9013e0bfb4e5d152e45a18cc9968bc5d668fdbdc47d546a8a9eb5c01b3d0e9
3,11000,0.66,0x42ffcf5e9bd87f83252b6a95038b91cbd4844b52,2017-11-02T14:16:44.000Z,0.00006,0x6b01bb8b9f5d00a0f0fe8532d2beda1d5d1a42ce,buy,0x419d0d8bdd9af5e606ae2232ed285aff190e711b,0x94677510248d1d1e6cffd266a02c09ad14ab6c6d29b7c1d330c152b48fe445fd
4,2800,0.1679972,0x42ffcf5e9bd87f83252b6a95038b91cbd4844b52,2017-11-02T14:13:23.000Z,0.000059999,0xad52133284be6b31bc5888a170daebd8776885ea,buy,0x419d0d8bdd9af5e606ae2232ed285aff190e711b,0xe3520dd7d9780a1ec60a448e00ae9795b2684e00bb1dad0dc28c7178d12df1d0
5,5000,0.2949999995,0x42ffcf5e9bd87f83252b6a95038b91cbd4844b52,2017-11-02T14:11:01.000Z,0.0000589999999,0xad52133284be6b31bc5888a170daebd8776885ea,buy,0x419d0d8bdd9af5e606ae2232ed285aff190e711b,0xbab2b67fd9c692d6c69382b1a4c68e54bab155257dab533b534675eda08bb725
6,200000,12,0x739c5f6d73d483705a08f9a52c7cd61c7933573e,2017-11-02T13:52:23.000Z,0.00006,0x6b01bb8b9f5d00a0f0fe8532d2beda1d5d1a42ce,buy,0x419d0d8bdd9af5e606ae2232ed285aff190e711b,0x5d24e9f3c3f127e67566b5197d8e49528afc677e7526c060e69aa636c0d58cd7
7,52162.185,3.077568915,0x3df86cefaecfaa31be2f74f8f832cb4ef62b79f8,2017-11-02T13:48:07.000Z,0.000059,0x6b01bb8b9f5d00a0f0fe8532d2beda1d5d1a42ce,buy,0x419d0d8bdd9af5e606ae2232ed285aff190e711b,0x1fa5a6a1c4dd48d194157eebb1aebf4008d7dd3e96cbe9f5724fbcdd29a290fe
8,39982.00179946,2.2214444,0x23c09abbc301e4bd6396548f5f6005ab345afb7e,2017-11-02T13:46:05.000Z,0.00005556111000000012,0x00a6ae3dc7e5af897322e62923124d13a6336168,buy,0x419d0d8bdd9af5e606ae2232ed285aff190e711b,0xc8fca724c439d3e21c0ef04239c4ed68ee615c5d7dcae0bc6f20bf7d06b8d47c
9,8.99910026,0.0005,0x4fda9e6bcd83af6c5cc771b5d20accc2b7720074,2017-11-02T11:08:31.000Z,0.00005556111006146296,0x00a6ae3dc7e5af897322e62923124d13a6336168,buy,0x419d0d8bdd9af5e606ae2232ed285aff190e711b,0x47a280016be25474763bbe0e5624567f07b9119bbd3c5dd037769857a800d643
10,307.66824031,0.015660313431779,0x97dcddf1e5fd45de0dca414a4d9aa7887d86ae31,2017-11-02T11:06:01.000Z,0.0000509,0x9c076455b231a5a4371d42ee0f5323d964417bda,sell,0x419d0d8bdd9af5e606ae2232ed285aff190e711b,0x3dc285d571a80dca8b88686cea7b7aac1e1580dfae5dda04911329d30b862f9d
11,8.99910026,0.0005,0x3075f7f189912f4f425dd7021b9c396434197477,2017-11-02T10:58:55.000Z,0.00005556111006146296,0x00a6ae3dc7e5af897322e62923124d13a6336168,buy,0x419d0d8bdd9af5e606ae2232ed285aff190e711b,0x9b1902ce126b102c4007451f28a9f6daf4ea936e9e000e53ff552de026c8aed2
12,8.99910026,0.0005,0x3075f7f189912f4f425dd7021b9c396434197477,2017-11-02T10:58:48.000Z,0.00005556111006146296,0x00a6ae3dc7e5af897322e62923124d13a6336168,buy,0x419d0d8bdd9af5e606ae2232ed285aff190e711b,0x9b1902ce126b102c4007451f28a9f6daf4ea936e9e000e53ff552de026c8aed2
13,1993.06904496,0.098258303916528,0xf28ed72c7340438dc609c9b1d609966f9b9b20e8,2017-11-02T08:25:52.000Z,0.0000493,0xc2ef3492077355a26a7bd24386a15e1346c07ef0,sell,0x419d0d8bdd9af5e606ae2232ed285aff190e711b,0x7c4c65cb3c295a95ca98df320bc083984a3d273885158efdde664fcf1fb3bda9
14,108.26,0.005510434,0x42ffcf5e9bd87f83252b6a95038b91cbd4844b52,2017-11-02T07:59:47.000Z,0.0000509,0x13c3fd153e23ded7477e0817ad4d5754e2d67649,buy,0x419d0d8bdd9af5e606ae2232ed285aff190e711b,0xc561093ff6d09e9292dd3ff40070405d2391cd2ff90e072f80703c4598d5048f
15,293617.578,14.974496478,0x8e69a7a7fa07ebd03ed04853b0aee4696ef6d414,2017-11-02T07:04:17.000Z,0.000051,0x6b01bb8b9f5d00a0f0fe8532d2beda1d5d1a42ce,buy,0x419d0d8bdd9af5e606ae2232ed285aff190e711b,0x60e7be31506997670169fcbd51019b13257632760d67d0348f19f93e80c302d5
16,64315.35594757,3.2800831533262187,0xff4482de17e729e19d75d70fc005f2e4ba75905f,2017-11-02T06:57:52.000Z,0.00005100000000000231,0x6b01bb8b9f5d00a0f0fe8532d2beda1d5d1a42ce,buy,0x419d0d8bdd9af5e606ae2232ed285aff190e711b,0x364e82cc06ee4ba04ae03e3d860d1a6563b36a425835528e93d77d65bafb9a14
17,13724.13088447,0.6999306751083452,0xe41ba7cfb98a58305596d551a87d37960f5f532a,2017-11-02T06:43:49.000Z,0.00005100000000002733,0x6b01bb8b9f5d00a0f0fe8532d2beda1d5d1a42ce,buy,0x419d0d8bdd9af5e606ae2232ed285aff190e711b,0x9da5942baabde16bccd39616a8c4f53d9a27460d566b05e398ec4b424ae29c8b
18,42000,2.142,0xfa45c6991a2c3d74ada3a279e21135133ce3da8a,2017-11-02T06:34:53.000Z,0.000051,0x6b01bb8b9f5d00a0f0fe8532d2beda1d5d1a42ce,buy,0x419d0d8bdd9af5e606ae2232ed285aff190e711b,0x2e3ad36d144374150ac514b2b1b66071251f9e3f8a9de283f1c0a68fa098446f
19,200000,10.2,0x739c5f6d73d483705a08f9a52c7cd61c7933573e,2017-11-02T06:31:55.000Z,0.000051,0x6b01bb8b9f5d00a0f0fe8532d2beda1d5d1a42ce,buy,0x419d0d8bdd9af5e606ae2232ed285aff190e711b,0xd9bf310303416e803acddcdab98d0448058a907d095c6245febcc315259e17a0
20,8933.09172937,0.4555876781980273,0x01ac7aef192ee2637afa390c4fbcfc92a00604a6,2017-11-02T06:27:45.000Z,0.00005100000000001761,0x6b01bb8b9f5d00a0f0fe8532d2beda1d5d1a42ce,buy,0x419d0d8bdd9af5e606ae2232ed285aff190e711b,0x3a6d7741b88f93cf6eca3be5368dbf1935cc1f8805897afddb7d49ab385effb0
21,1450,0.07395,0x1ba8d39ca6eaeee7448209160f51a71aa2803086,2017-11-02T06:19:32.000Z,0.000051,0x6b01bb8b9f5d00a0f0fe8532d2beda1d5d1a42ce,buy,0x419d0d8bdd9af5e606ae2232ed285aff190e711b,0x43d74860da45826199c25d0a55ceda3b40fab3c33505bcb65f1640b393cc3f07
22,21543.75849776,1.096577307536047,0xbcc8cf77b7b48429730fd5f029206743071a40bf,2017-11-02T06:17:43.000Z,0.00005090000000000292,0x13c3fd153e23ded7477e0817ad4d5754e2d67649,buy,0x419d0d8bdd9af5e606ae2232ed285aff190e711b,0xb80c53919ce8ac92af4014af487a67278df0a06a6db76d1d4e2edfc4cbd4d74b
23,78342.60016719,3.9876383485101408,0x1dfcac7871f9854814c7e25e7631a299b477873e,2017-11-02T06:17:11.000Z,0.00005090000000000216,0x13c3fd153e23ded7477e0817ad4d5754e2d67649,buy,0x419d0d8bdd9af5e606ae2232ed285aff190e711b,0xb24898098a478f5992e171b8f6b16bc6ca2a227c5c04726bba827f3a893532bd
24,5.38124209,0.000273905222475194,0x1dfcac7871f9854814c7e25e7631a299b477873e,2017-11-02T06:15:43.000Z,0.00005090000001750413,0x13c3fd153e23ded7477e0817ad4d5754e2d67649,buy,0x419d0d8bdd9af5e606ae2232ed285aff190e711b,0x1a9be8640d67e5130677a81511466b18d2cbe886cd792ea2cf2e0f9b404a8ecb
25,61139.29384379,3.1181039860335105,0xff4482de17e729e19d75d70fc005f2e4ba75905f,2017-11-02T06:14:09.000Z,0.0000510000000000036,0x6b01bb8b9f5d00a0f0fe8532d2beda1d5d1a42ce,buy,0x419d0d8bdd9af5e606ae2232ed285aff190e711b,0x7b2a340ee94b2b7e178f8bba86904eefff0fe48d15b7f35b1b59dac2d8b5071f
26,58812.68876185,2.9994471268543927,0xff4482de17e729e19d75d70fc005f2e4ba75905f,2017-11-02T05:44:08.000Z,0.00005100000000000072,0x6b01bb8b9f5d00a0f0fe8532d2beda1d5d1a42ce,buy,0x419d0d8bdd9af5e606ae2232ed285aff190e711b,0x4b36564b9226cdf88d6344c20b7f712bfa663ca380e92f1bc1f3686d9c2474fb
27,28734.45260867,1.465457083042568,0x2942d51c4b004cd233486d39ba4e665d9a792a5d,2017-11-02T05:41:07.000Z,0.00005100000000001385,0x6b01bb8b9f5d00a0f0fe8532d2beda1d5d1a42ce,buy,0x419d0d8bdd9af5e606ae2232ed285aff190e711b,0x7e28672a95d37e60c91442e0c517eba98ab26053ee02c909b4235304bb954509
28,56625.91296095,2.887921561008617,0xff4482de17e729e19d75d70fc005f2e4ba75905f,2017-11-02T05:20:44.000Z,0.00005100000000000294,0x6b01bb8b9f5d00a0f0fe8532d2beda1d5d1a42ce,buy,0x419d0d8bdd9af5e606ae2232ed285aff190e711b,0x6106ac51b5e212be9c2e53e62bee1427b88500c15bcc90964d042e4d8b5fb96a
29,55945.49488417,2.8532202390927197,0xff4482de17e729e19d75d70fc005f2e4ba75905f,2017-11-02T04:54:57.000Z,0.00005100000000000088,0x6b01bb8b9f5d00a0f0fe8532d2beda1d5d1a42ce,buy,0x419d0d8bdd9af5e606ae2232ed285aff190e711b,0x7a0559502ce04bf7aae8b3e3aa02cfbe264241e9a03cf7a60d0ef2aa3efa2ffa
30,3500,0.1785,0x6e1f291b9358214d1c2e12f266e1e15775bd12bc,2017-11-02T04:34:48.000Z,0.000051,0x6b01bb8b9f5d00a0f0fe8532d2beda1d5d1a42ce,buy,0x419d0d8bdd9af5e606ae2232ed285aff190e711b,0x1278b1a955e6d30293db0e294a60eb44bc23fcb82da3a000d0f0ee9aa7d7d680
31,90,0.00459,0x1beabdd6c99a54101a7554b94fb804d00c4d9c60,2017-11-02T04:27:17.000Z,0.000051,0x6b01bb8b9f5d00a0f0fe8532d2beda1d5d1a42ce,buy,0x419d0d8bdd9af5e606ae2232ed285aff190e711b,0xf5f20285a5fc895998f9f32b35f1cbccf8292ab85697d2d3e6caddf4cb7ea9d3
32,733577.19472728,36.67885973636401,0xfa45c6991a2c3d74ada3a279e21135133ce3da8a,2017-11-02T03:39:25.000Z,0.00005000000000000001,0x6b01bb8b9f5d00a0f0fe8532d2beda1d5d1a42ce,buy,0x419d0d8bdd9af5e606ae2232ed285aff190e711b,0xa50f2c790557753de598929acb3db72335243edf6ef7000058bac69e88a7df2c
33,69847.86784591,3.422545524449598,0xfa45c6991a2c3d74ada3a279e21135133ce3da8a,2017-11-02T03:33:43.000Z,0.00004900000000000011,0x6b01bb8b9f5d00a0f0fe8532d2beda1d5d1a42ce,buy,0x419d0d8bdd9af5e606ae2232ed285aff190e711b,0x150fd3f92ef3f87da21b6fd7c2af10ec8f059b1a549c73d6520adb8a9ca6ccef
34,70000,3.43,0x23c09abbc301e4bd6396548f5f6005ab345afb7e,2017-11-02T03:30:42.000Z,0.000049,0x6b01bb8b9f5d00a0f0fe8532d2beda1d5d1a42ce,buy,0x419d0d8bdd9af5e606ae2232ed285aff190e711b,0x066c78ffe7a466cdc8c60eb72c5cf0f606f8a9873361babfbebaf9d40e3834c6
35,33525.59581292,1.6427541948331654,0x23c09abbc301e4bd6396548f5f6005ab345afb7e,2017-11-02T03:29:11.000Z,0.00004900000000000254,0x6b01bb8b9f5d00a0f0fe8532d2beda1d5d1a42ce,buy,0x419d0d8bdd9af5e606ae2232ed285aff190e711b,0x1cd7db044a67c530d606573bd226b1ff2181828c7415e819aba09fd3281b9abc
36,57382.99929674,2.811766965540337,0xff4482de17e729e19d75d70fc005f2e4ba75905f,2017-11-02T03:27:52.000Z,0.00004900000000000134,0x6b01bb8b9f5d00a0f0fe8532d2beda1d5d1a42ce,buy,0x419d0d8bdd9af5e606ae2232ed285aff190e711b,0x222bb144e3485bd3c551f497a3c5388b77bf99ceeca10289634428c16d241dd4
37,329243.53704442,16.1329333151769,0x8e69a7a7fa07ebd03ed04853b0aee4696ef6d414,2017-11-02T03:26:33.000Z,0.00004900000000000097,0x6b01bb8b9f5d00a0f0fe8532d2beda1d5d1a42ce,buy,0x419d0d8bdd9af5e606ae2232ed285aff190e711b,0x8b849c51a9d483cd4b8a795b27e22a0322899c7da928636df369e3954e346cdb
38,208888,10.235512,0x1b7688a79d07be5b3d03cfc59983c0d3ddf54de3,2017-11-02T03:23:40.000Z,0.000049,0x6b01bb8b9f5d00a0f0fe8532d2beda1d5d1a42ce,buy,0x419d0d8bdd9af5e606ae2232ed285aff190e711b,0x1080be7b742de038332fa345be3892a572f36924ae38721ee091f4acd90afe08
39,120000,5.88,0x8e69a7a7fa07ebd03ed04853b0aee4696ef6d414,2017-11-02T03:15:35.000Z,0.000049,0x6b01bb8b9f5d00a0f0fe8532d2beda1d5d1a42ce,buy,0x419d0d8bdd9af5e606ae2232ed285aff190e711b,0xda9dcaa78a8b8561b4bd012c0c594eaf6bbe4fba6d53450fcf623dfdb98066cc
40,100000,5,0x23c09abbc301e4bd6396548f5f6005ab345afb7e,2017-11-02T03:09:52.000Z,0.00005,0x6b01bb8b9f5d00a0f0fe8532d2beda1d5d1a42ce,buy,0x419d0d8bdd9af5e606ae2232ed285aff190e711b,0x543154c32bb60b6586b905b604d4285ae66e5cb34a1cdcadbd38242ea8e2a491
41,55310.80527271,2.765540263635988,0xff4482de17e729e19d75d70fc005f2e4ba75905f,2017-11-02T03:00:06.000Z,0.00005000000000000882,0x6b01bb8b9f5d00a0f0fe8532d2beda1d5d1a42ce,buy,0x419d0d8bdd9af5e606ae2232ed285aff190e711b,0x412c9101a88abf9e5dcc6a389de39161c626251ef8ff29970153406191722ce7
42,100000,5.0011,0xfa45c6991a2c3d74ada3a279e21135133ce3da8a,2017-11-02T02:50:41.000Z,0.000050011,0x6b01bb8b9f5d00a0f0fe8532d2beda1d5d1a42ce,sell,0x419d0d8bdd9af5e606ae2232ed285aff190e711b,0x19bf0b8e2aac44c3fd54effae46128fe637b2b1f13914f393f2f8cc39a907834
43,40000,2.0004,0x00a6ae3dc7e5af897322e62923124d13a6336168,2017-11-02T02:50:41.000Z,0.00005001,0x6b01bb8b9f5d00a0f0fe8532d2beda1d5d1a42ce,sell,0x419d0d8bdd9af5e606ae2232ed285aff190e711b,0x8fdc2e99db2e7859ad1ba3e85ea3e3bdebc8d6cb91b6f561335f7fc56fe1040c
44,30000,1.50033,0x3dee4a4e076e8d82859d241db0baf46f112cfa23,2017-11-02T02:50:41.000Z,0.000050011,0x6b01bb8b9f5d00a0f0fe8532d2beda1d5d1a42ce,sell,0x419d0d8bdd9af5e606ae2232ed285aff190e711b,0xa9d498af47cb34727a782333ca000782e13b41ba5b074a439be12c01cf82c359
45,1014.72191993,0.0507360959965,0x95a601a68cafb4ae04d7fbf3ea053397cf7fb68c,2017-11-02T02:50:41.000Z,0.00005,0x6b01bb8b9f5d00a0f0fe8532d2beda1d5d1a42ce,sell,0x419d0d8bdd9af5e606ae2232ed285aff190e711b,0x8a0c56c981949d9fb147884c4bf3817cad0bf8082ec3526e70abe33cfb99f29c
46,345.44764913,0.0173587443687825,0x6e1f291b9358214d1c2e12f266e1e15775bd12bc,2017-11-02T02:50:11.000Z,0.00005025,0x6b01bb8b9f5d00a0f0fe8532d2beda1d5d1a42ce,sell,0x419d0d8bdd9af5e606ae2232ed285aff190e711b,0xc471338d1ccf645a5c6e30530e57c9716e0d02de0b5d49b3a83687fe99bff3e6
47,100000,5.0015,0x13c3fd153e23ded7477e0817ad4d5754e2d67649,2017-11-02T02:50:11.000Z,0.000050015,0x6b01bb8b9f5d00a0f0fe8532d2beda1d5d1a42ce,sell,0x419d0d8bdd9af5e606ae2232ed285aff190e711b,0xeb3eeeac04e55e90d197f5bd10bdc71056b937e2f31dc126ac257394ddb69a63
48,5000,0.250675,0x695f7ca2b214b12912a8f74ab689907666cad96c,2017-11-02T02:50:11.000Z,0.000050135,0x6b01bb8b9f5d00a0f0fe8532d2beda1d5d1a42ce,sell,0x419d0d8bdd9af5e606ae2232ed285aff190e711b,0x79b3e77c779b13c9d718bd8619f6aade3238fdf4c3bccba30d12ba22b703157c
49,5000,0.2675,0x695f7ca2b214b12912a8f74ab689907666cad96c,2017-11-02T01:51:35.000Z,0.0000535,0x6b01bb8b9f5d00a0f0fe8532d2beda1d5d1a42ce,sell,0x419d0d8bdd9af5e606ae2232ed285aff190e711b,0x70bcd518670d7c35c5edf99a62b21fe64d6a5c7b63eec55d6b6e1f952a230c5e
50,715,0.0376805,0x6e1f291b9358214d1c2e12f266e1e15775bd12bc,2017-11-02T01:51:35.000Z,0.0000527,0x6b01bb8b9f5d00a0f0fe8532d2beda1d5d1a42ce,sell,0x419d0d8bdd9af5e606ae2232ed285aff190e711b,0x2821445e35423d5bcd12804cc549839ab18119675e08c86c027a7714cabc809f
51,710,0.0384323,0x6e1f291b9358214d1c2e12f266e1e15775bd12bc,2017-11-02T01:51:19.000Z,0.00005413,0x6b01bb8b9f5d00a0f0fe8532d2beda1d5d1a42ce,sell,0x419d0d8bdd9af5e606ae2232ed285aff190e711b,0xc04987c8e069b19fc8a6885e6b278e10bbc87233c5dc020e296fc70607bb0e82
52,44584.98654173,2.45217425979515,0xfa45c6991a2c3d74ada3a279e21135133ce3da8a,2017-11-02T01:51:15.000Z,0.000055,0x6b01bb8b9f5d00a0f0fe8532d2beda1d5d1a42ce,sell,0x419d0d8bdd9af5e606ae2232ed285aff190e711b,0x4a284ee78b4e7747a1aefad2cfa25dc197531584ce6fa113b2b1c0effb5430c4
53,140,0.007882,0x6e1f291b9358214d1c2e12f266e1e15775bd12bc,2017-11-02T01:50:15.000Z,0.0000563,0x6b01bb8b9f5d00a0f0fe8532d2beda1d5d1a42ce,sell,0x419d0d8bdd9af5e606ae2232ed285aff190e711b,0xcf896683e41ef2aaab7ff6de6e3198c8713c458f0a695f851ee3684aebca0bc8
54,140,0.007882,0x6e1f291b9358214d1c2e12f266e1e15775bd12bc,2017-11-02T01:50:15.000Z,0.0000563,0x6b01bb8b9f5d00a0f0fe8532d2beda1d5d1a42ce,sell,0x419d0d8bdd9af5e606ae2232ed285aff190e711b,0x53492de0964d74a63e39761bfaa3d0eb4ac6ce55fe073b1fa03a4dd96750d526
55,100,0.0057,0xad52133284be6b31bc5888a170daebd8776885ea,2017-11-02T01:50:15.000Z,0.000057,0x6b01bb8b9f5d00a0f0fe8532d2beda1d5d1a42ce,sell,0x419d0d8bdd9af5e606ae2232ed285aff190e711b,0x2b35e92e82e9ec568dd8078df31263d8a1e1a8c3b88f914159c4626709b9506a
56,525,0.02946825,0x6e1f291b9358214d1c2e12f266e1e15775bd12bc,2017-11-02T01:50:15.000Z,0.00005613,0x6b01bb8b9f5d00a0f0fe8532d2beda1d5d1a42ce,sell,0x419d0d8bdd9af5e606ae2232ed285aff190e711b,0x259af72493f997b4363d900814eaab2b2555330464e1bb63f6b3905816a48f22
57,40,0.00236,0xd2cc6dd00773f192d2b5dc6d91a528a38ef6cca3,2017-11-01T21:42:28.000Z,0.000059,0x6b01bb8b9f5d00a0f0fe8532d2beda1d5d1a42ce,buy,0x419d0d8bdd9af5e606ae2232ed285aff190e711b,0xd7a12a3b19c3ef7a6f9cd5b17a41efaee9986c60f68040c7dfd7f40062e4fbed
58,1000,0.059,0xc992036b66a3c0072ad43a72ecbbcc87fef2b726,2017-11-01T21:32:29.000Z,0.000059,0x6b01bb8b9f5d00a0f0fe8532d2beda1d5d1a42ce,buy,0x419d0d8bdd9af5e606ae2232ed285aff190e711b,0x6e04db58e249b411f54c1cebae80c703dc42c0b13a739e8ee769182b8c9ee9ff
59,14956.62618763,0.8824409450702821,0x07513563a931d13fd2f0221dcaa51c328ceeb592,2017-11-01T20:53:38.000Z,0.00005900000000000749,0x6b01bb8b9f5d00a0f0fe8532d2beda1d5d1a42ce,buy,0x419d0d8bdd9af5e606ae2232ed285aff190e711b,0xb69d94fd4e29e66f1c0aa53d3e259250c6392dce906289230f2e2c269c4122a9
60,1000,0.057,0xb775824a6898addd0d17844a460ccef1309f5dc4,2017-11-01T20:49:56.000Z,0.000057,0x7add1decc8a22741d9b83e5e8711fafc59956c23,buy,0x419d0d8bdd9af5e606ae2232ed285aff190e711b,0x2a3e9011b5c33f29c77bc2d33b2ac3048a6838600601fa13100c2130d2d127a0
61,15000,0.885,0x21b2ec62e93954074cde69ae0ccb2faa65f66075,2017-11-01T20:22:01.000Z,0.000059,0x6b01bb8b9f5d00a0f0fe8532d2beda1d5d1a42ce,buy,0x419d0d8bdd9af5e606ae2232ed285aff190e711b,0x8bf740c5d8ce0cd8b37681b4a3fa1af34d6c04b88c923384f8e8a1fc0f7d47f3
62,18732.38199999,1.1140147575403254,0x73be7ff80f2a1750cfc8d84877c3940cc29f2a91,2017-11-01T19:00:51.000Z,0.00005947000000004911,0xbcc8cf77b7b48429730fd5f029206743071a40bf,buy,0x419d0d8bdd9af5e606ae2232ed285aff190e711b,0xf34ab65651ccb646457bfbccadf5a899f8ea27ceb9619bc343755dcf49d58c14
63,0.46726706,0.00002640058889,0xd2cc6dd00773f192d2b5dc6d91a528a38ef6cca3,2017-11-01T18:29:24.000Z,0.0000565,0xf142f26d1cac4ba8a6e6d7974d243eda2fe5f4f9,sell,0x419d0d8bdd9af5e606ae2232ed285aff190e711b,0xa97702b50c636d4771d92efb7b9bc7880a369736599fb7c63004967ec91fa28b
64,4687.15582217,0.2578404417775717,0x00a6ae3dc7e5af897322e62923124d13a6336168,2017-11-01T18:26:22.000Z,0.00005501,0xf142f26d1cac4ba8a6e6d7974d243eda2fe5f4f9,sell,0x419d0d8bdd9af5e606ae2232ed285aff190e711b,0xeb30422aadb65f245f6d41264a49ce3effed96672a27c668caddbeada173422e
65,1616.20461448,0.09535607225450796,0x978aa22ef9b02190b90ebc276deb37e626a32f88,2017-11-01T16:52:38.000Z,0.00005900000000011629,0x6b01bb8b9f5d00a0f0fe8532d2beda1d5d1a42ce,buy,0x419d0d8bdd9af5e606ae2232ed285aff190e711b,0x6e4ec45420c61b5f6d2e1b95eb5dd4d64b6ae2e9ea744748a5488569999f0821
66,3203.82565368,0.18899367531079792,0x978aa22ef9b02190b90ebc276deb37e626a32f88,2017-11-01T16:50:29.000Z,0.00005899000000006701,0x2475fe4d7a9d7d2e7908baf6697b801596bf5148,buy,0x419d0d8bdd9af5e606ae2232ed285aff190e711b,0x2f40bd391263928d4fb31f3b07c2c023d16238ca18faf146464410ec48e7eb17
67,27415.01345827,1.50782574020485,0xfa45c6991a2c3d74ada3a279e21135133ce3da8a,2017-11-01T16:43:28.000Z,0.000055,0x47cce6037f4aa5e75c99054a0468f4161362a4a5,sell,0x419d0d8bdd9af5e606ae2232ed285aff190e711b,0x74c3fc9e3e71b2e759b089139687c51c8439697642a56d0310813a3248e4ca60
68,9950,0.562175,0xd2cc6dd00773f192d2b5dc6d91a528a38ef6cca3,2017-11-01T15:38:39.000Z,0.0000565,0xbcc8cf77b7b48429730fd5f029206743071a40bf,sell,0x419d0d8bdd9af5e606ae2232ed285aff190e711b,0xb7e5728d6bb1f72eb3c099b423361f8e4edd46323151a1c51751f3039356d1fe
69,10,0.000565,0xd2cc6dd00773f192d2b5dc6d91a528a38ef6cca3,2017-11-01T15:38:39.000Z,0.0000565,0x1fdf047bf7a114b37e7936d01e9cad754ad18803,sell,0x419d0d8bdd9af5e606ae2232ed285aff190e711b,0x4b49ee8556a5fae7b47adf134a46337cf59925ad4db79648c191b0f54b95019b
70,25.09661507,0.001525874196256,0x1fdf047bf7a114b37e7936d01e9cad754ad18803,2017-11-01T14:44:31.000Z,0.0000608,0x1b1c185352e45359838a080260e1a08b98e1e8b7,sell,0x419d0d8bdd9af5e606ae2232ed285aff190e711b,0x88724fff58946c6388c80b260651f2a5007dd66472ecdd5aa4cdb5408362da11
71,2997.46904732,0.182246118077056,0x1fdf047bf7a114b37e7936d01e9cad754ad18803,2017-11-01T14:04:36.000Z,0.0000608,0x273a5d3e6721b9f5c1a6474f560c1334c63dda01,sell,0x419d0d8bdd9af5e606ae2232ed285aff190e711b,0x499e96b1c51f66989ae20f92f5e0c1710473e9e2c248632a8872307ae7e39636
72,3006.48851286,0.1766612650156583,0x273a5d3e6721b9f5c1a6474f560c1334c63dda01,2017-11-01T14:04:36.000Z,0.00005876000000000156,0xbcc8cf77b7b48429730fd5f029206743071a40bf,buy,0x419d0d8bdd9af5e606ae2232ed285aff190e711b,0x499e96b1c51f66989ae20f92f5e0c1710473e9e2c248632a8872307ae7e39636
73,2027.20534631,0.11958484337920208,0x0b00cb7d7247b77f828360ac1af6826b01e667cb,2017-11-01T12:38:38.000Z,0.00005899000000018507,0x2475fe4d7a9d7d2e7908baf6697b801596bf5148,buy,0x419d0d8bdd9af5e606ae2232ed285aff190e711b,0x2cad40d03098b7dd91518df5101f958999c2ce8b595da702157b436b71aea0b7
74,289.02259863,0.017049154071166923,0x0b00cb7d7247b77f828360ac1af6826b01e667cb,2017-11-01T12:37:24.000Z,0.00005898900000201317,0xd990b20677084e0ecc854a956cb15a401515dfe8,buy,0x419d0d8bdd9af5e606ae2232ed285aff190e711b,0x49bebc145a8ca2ce85a0d3a8f91ecf374684eacb8ed82e09c8e84edbe6b408d2
75,910.34553172,0.05097934977632,0x1beabdd6c99a54101a7554b94fb804d00c4d9c60,2017-11-01T11:49:06.000Z,0.000056,0x3dee4a4e076e8d82859d241db0baf46f112cfa23,sell,0x419d0d8bdd9af5e606ae2232ed285aff190e711b,0xf4dd7626588998aec338c64c51f0113f2f2f3fcd14bd6d8ec588a3c4307003ab
76,28000,1.54,0xfa45c6991a2c3d74ada3a279e21135133ce3da8a,2017-11-01T11:48:29.000Z,0.000055,0x3dee4a4e076e8d82859d241db0baf46f112cfa23,sell,0x419d0d8bdd9af5e606ae2232ed285aff190e711b,0xa1236d5d730503ee55b61b6c26586e6aef785a1bb5e78e6eb643f1a9fd0d57ca
77,1000,0.0562,0x1beabdd6c99a54101a7554b94fb804d00c4d9c60,2017-11-01T11:48:18.000Z,0.0000562,0x3dee4a4e076e8d82859d241db0baf46f112cfa23,sell,0x419d0d8bdd9af5e606ae2232ed285aff190e711b,0xe63249533ee423f0841a3879a79cb8bdb276830a4177121617b0fd46b27f1275
78,29056.80460101,1.59841482110156,0x00a6ae3dc7e5af897322e62923124d13a6336168,2017-11-01T11:29:35.000Z,0.00005501,0xb830c3fd6bf97fcb7c3e086b3ea72458350ea20f,sell,0x419d0d8bdd9af5e606ae2232ed285aff190e711b,0x09fee87c08d9fedec31b5ac6085b5dbbea7a6fae8c2d1b935aad63174eefbda9
79,30626.8,1.7151008,0xf8e54fe6a8b4e92bf9fa7ab514564db077601f16,2017-11-01T11:28:30.000Z,0.000056,0xb830c3fd6bf97fcb7c3e086b3ea72458350ea20f,sell,0x419d0d8bdd9af5e606ae2232ed285aff190e711b,0x5547948fd1c2c17e4bdad98a287c66e860e30d0c58e5edb53e5e36ee9f50bbd0
80,3700,0.208865,0xad52133284be6b31bc5888a170daebd8776885ea,2017-11-01T11:28:30.000Z,0.00005645,0xb830c3fd6bf97fcb7c3e086b3ea72458350ea20f,sell,0x419d0d8bdd9af5e606ae2232ed285aff190e711b,0x6f953924a6762687abe70371b2289e27d2f1bac6381e7aa9d9381ed40383867b
81,39221.41385562,2.19639917591472,0xf8e54fe6a8b4e92bf9fa7ab514564db077601f16,2017-11-01T11:26:00.000Z,0.000056,0x5cafe4321d49717abcdf911235faf6e614b8791f,sell,0x419d0d8bdd9af5e606ae2232ed285aff190e711b,0x52547c3974f41834b45988576cae13fde9ba4bccc890405469b67d195e659656
82,3890.33994617,0.2194540763634497,0xad52133284be6b31bc5888a170daebd8776885ea,2017-11-01T11:25:26.000Z,0.00005641,0xb830c3fd6bf97fcb7c3e086b3ea72458350ea20f,sell,0x419d0d8bdd9af5e606ae2232ed285aff190e711b,0x3a0004f865441a053e4784294815b10b1f0083c0ac8b8eaffcf396ca616f2097
83,23824.145,1.3370110174,0x402bd8137d8b745aae8925526a9eac89c3ea5f92,2017-11-01T11:25:26.000Z,0.00005612,0xb830c3fd6bf97fcb7c3e086b3ea72458350ea20f,sell,0x419d0d8bdd9af5e606ae2232ed285aff190e711b,0x1874a1aa87765c23aaa3fbc42574d582c86dff136f3dc4f4d2a1f31288396020
84,30000,1.68336,0x3dee4a4e076e8d82859d241db0baf46f112cfa23,2017-11-01T11:24:54.000Z,0.000056112,0xb830c3fd6bf97fcb7c3e086b3ea72458350ea20f,sell,0x419d0d8bdd9af5e606ae2232ed285aff190e711b,0x2cec4d3a3134d7d5a9b3c8ef0699198fc9187be64e0d6aca3fa0dcc879296f81
85,5760.17560286,0.350218676653888,0x1fdf047bf7a114b37e7936d01e9cad754ad18803,2017-11-01T10:32:33.000Z,0.0000608,0x39dc3f7adc8cad2b03c831c7771a25d4fb99021e,sell,0x419d0d8bdd9af5e606ae2232ed285aff190e711b,0xd4c487254598f026dbb320363b0f80562fbc33e718785657e75edd636740caf9
86,5777.45612967,0.34086991165053,0x39dc3f7adc8cad2b03c831c7771a25d4fb99021e,2017-11-01T10:32:33.000Z,0.000059,0x6b01bb8b9f5d00a0f0fe8532d2beda1d5d1a42ce,buy,0x419d0d8bdd9af5e606ae2232ed285aff190e711b,0xd4c487254598f026dbb320363b0f80562fbc33e718785657e75edd636740caf9
87,500000,29.5,0xf8e54fe6a8b4e92bf9fa7ab514564db077601f16,2017-11-01T10:30:48.000Z,0.000059,0x6b01bb8b9f5d00a0f0fe8532d2beda1d5d1a42ce,buy,0x419d0d8bdd9af5e606ae2232ed285aff190e711b,0xaacb2f52d0b66147da225bb7091f74b7e05a8d70869ac8b3a6024ad027d28c98
88,99709.54808831,5.8817665321816115,0x061e130573532f9a84d83e5276ebd8d0fed00cfe,2017-11-01T09:41:10.000Z,0.00005898900000000293,0xd990b20677084e0ecc854a956cb15a401515dfe8,buy,0x419d0d8bdd9af5e606ae2232ed285aff190e711b,0x937100540ed767e4444ccff6443c0876a84d89bf7477fb4cfa6cd86b91f56822
89,1.42931304,0.000084313747221351,0x061e130573532f9a84d83e5276ebd8d0fed00cfe,2017-11-01T09:37:34.000Z,0.00005898900021324299,0xd990b20677084e0ecc854a956cb15a401515dfe8,buy,0x419d0d8bdd9af5e606ae2232ed285aff190e711b,0x0783222041a612a689d8c617a62f291ca9c6efaab0f2ee8085cb8009946335aa
90,75,0.00442425,0x542f9a56345aef94a0658b2d235fbc737c944622,2017-11-01T05:15:08.000Z,0.00005899,0x2475fe4d7a9d7d2e7908baf6697b801596bf5148,buy,0x419d0d8bdd9af5e606ae2232ed285aff190e711b,0x8c3bf983a41dfa4d2afc740836b4c3dfd00366696b3d76021c037863bb12fc4a
91,109.66005383,0.0061859236365503,0xad52133284be6b31bc5888a170daebd8776885ea,2017-11-01T05:13:43.000Z,0.00005641,0x769a9b5f2a57cbd83d577d73b9224c88c3a62006,sell,0x419d0d8bdd9af5e606ae2232ed285aff190e711b,0xe17be2b008697369a16154807447ae02029227c6bbf8c7832b86f6d391af7f58
92,250594.62653334,14.785082965467618,0xf2b1fdc974a80ae077f285421eb39e10403fb1f2,2017-11-01T02:47:24.000Z,0.00005900000000000222,0x6b01bb8b9f5d00a0f0fe8532d2beda1d5d1a42ce,buy,0x419d0d8bdd9af5e606ae2232ed285aff190e711b,0xf1a343f6b433b06abf414b4be8b3a3c210f0f53826fea3c6811cf1ee1c4b4eaf
93,12431,0.7321859,0x486b26debfe5c5b8f180148b096c2f1f751ef94e,2017-11-01T02:43:44.000Z,0.0000589,0xfbf7dc0756a9768d0c71aea5f8421f3b1eaee7d1,buy,0x419d0d8bdd9af5e606ae2232ed285aff190e711b,0xf33e12f06581fc2a0ee02c4fe4665347b24bdef3d48237eda7c5976f5bf9ca02
94,6175.85484996,0.3465889741797552,0x402bd8137d8b745aae8925526a9eac89c3ea5f92,2017-11-01T02:32:00.000Z,0.00005612,0x8cd3bec93d81f900f4faef7f40259d392b616a7e,sell,0x419d0d8bdd9af5e606ae2232ed285aff190e711b,0x184bc4df23f5050da533e13a7320efdc93260178bd3a157b3e38941cb4cad7f3
95,2993.969,0.17661423131,0x541ea757f2d106eeeb8ddca70ca1310ae760eb54,2017-11-01T00:50:57.000Z,0.00005899,0x2475fe4d7a9d7d2e7908baf6697b801596bf5148,buy,0x419d0d8bdd9af5e606ae2232ed285aff190e711b,0xc6439b5ccd1fa20865466ae45aaf37df231661dbd349880a9ed174be8cf809a0
96,619.832,0.036260172,0x6e1f291b9358214d1c2e12f266e1e15775bd12bc,2017-11-01T00:22:16.000Z,0.0000585,0x6b01bb8b9f5d00a0f0fe8532d2beda1d5d1a42ce,sell,0x419d0d8bdd9af5e606ae2232ed285aff190e711b,0xa4a4995f2473ecf58d726658b8a23da0841d8b74834d5d25a5597cbe0d91a45e
97,0.16794171,0.000009824590035,0x6e1f291b9358214d1c2e12f266e1e15775bd12bc,2017-11-01T00:21:22.000Z,0.0000585,0x7f8dce1b1f43a5a4f563640a22abc528a87d953c,sell,0x419d0d8bdd9af5e606ae2232ed285aff190e711b,0x706e2691d3a9a778d56f035dc650e8dda622e50a7dda852d96c7e9cfcb33ec61
98,0.00001679,0.000000000990757365,0x7f8dce1b1f43a5a4f563640a22abc528a87d953c,2017-11-01T00:16:20.000Z,0.00005900877695056581,0x6b01bb8b9f5d00a0f0fe8532d2beda1d5d1a42ce,buy,0x419d0d8bdd9af5e606ae2232ed285aff190e711b,0x7b6db72a5b0525c18e56b86c8f7966ac3e3bf03bd96d310643a027ea874989ea
99,0.16844554,0.00000993828711296,0x7f8dce1b1f43a5a4f563640a22abc528a87d953c,2017-11-01T00:13:47.000Z,0.00005900000150173165,0x6b01bb8b9f5d00a0f0fe8532d2beda1d5d1a42ce,buy,0x419d0d8bdd9af5e606ae2232ed285aff190e711b,0xee8de484b7788ab3cfd7fce08ae320710998f8e6de88f8e2f6023f336210a179
100,47740.73297229,2.816703245365596,0xff4482de17e729e19d75d70fc005f2e4ba75905f,2017-11-01T00:02:06.000Z,0.00005900000000001017,0x6b01bb8b9f5d00a0f0fe8532d2beda1d5d1a42ce,buy,0x419d0d8bdd9af5e606ae2232ed285aff190e711b,0xfbc789a16090547c841c913abee06aaf77abf53565e5f6dc58d13aacc7a4e4f8
101,7500,0.4500825,0x254fb89e4cab71708eaab16e067ca8156a38e18a,2017-10-31T23:40:23.000Z,0.000060011,0x6b01bb8b9f5d00a0f0fe8532d2beda1d5d1a42ce,sell,0x419d0d8bdd9af5e606ae2232ed285aff190e711b,0x49c6323e637aa8d96354837fcb75e1f67988e19455401b8f60c5f96b7e9bda0f
102,1000,0.060012,0xaa5a8763179d7e24b0230e981cf7cd5d9fa7cff8,2017-10-31T23:40:23.000Z,0.000060012,0x6b01bb8b9f5d00a0f0fe8532d2beda1d5d1a42ce,sell,0x419d0d8bdd9af5e606ae2232ed285aff190e711b,0xec26d4ac6fd9abbf7de8a5a21f7fd7af5fdb377ca4b7a9d0f485097786869f75
103,100000,5.8001,0xfa45c6991a2c3d74ada3a279e21135133ce3da8a,2017-10-31T23:40:23.000Z,0.000058001,0x6b01bb8b9f5d00a0f0fe8532d2beda1d5d1a42ce,sell,0x419d0d8bdd9af5e606ae2232ed285aff190e711b,0xbf5269550571e68acb7aab984d78dd77987c77a312368232c2e1a656bdd40081
104,8300,0.498083,0x2475fe4d7a9d7d2e7908baf6697b801596bf5148,2017-10-31T23:40:23.000Z,0.00006001,0x6b01bb8b9f5d00a0f0fe8532d2beda1d5d1a42ce,sell,0x419d0d8bdd9af5e606ae2232ed285aff190e711b,0x2262d8d13a1ff9f3c5cd060a6c913c3065462a333cea4fcde9721e17b9700f36
105,12405.931,0.748487035023,0x254fb89e4cab71708eaab16e067ca8156a38e18a,2017-10-31T23:40:23.000Z,0.000060333,0x6b01bb8b9f5d00a0f0fe8532d2beda1d5d1a42ce,sell,0x419d0d8bdd9af5e606ae2232ed285aff190e711b,0x64b4ff5dce572578d4d54ee32aa48cbc761e0adf1503d689f4f19579a99cddd4
106,3000,0.181503,0xa2b3871be1c880c095130b1906d9eb3b84e9e7b0,2017-10-31T23:40:05.000Z,0.000060501,0x6b01bb8b9f5d00a0f0fe8532d2beda1d5d1a42ce,sell,0x419d0d8bdd9af5e606ae2232ed285aff190e711b,0xc9c3d59d832959a703bca7a07ca6705954da2f3224fe8ec6bf213221750affb1
107,2000,0.12068,0x947d19efbca9b0f8801352c8b0f52263656aa9b2,2017-10-31T23:40:05.000Z,0.00006034,0x6b01bb8b9f5d00a0f0fe8532d2beda1d5d1a42ce,sell,0x419d0d8bdd9af5e606ae2232ed285aff190e711b,0x0602ce0d70c3f96b63fad6980dab5bba27f6d9b95ce8f09cad4bd2e7b564f3c3
108,3000,0.181803,0xa2b3871be1c880c095130b1906d9eb3b84e9e7b0,2017-10-31T23:40:05.000Z,0.000060601,0x6b01bb8b9f5d00a0f0fe8532d2beda1d5d1a42ce,sell,0x419d0d8bdd9af5e606ae2232ed285aff190e711b,0x18e7bc1bec2b11e65f1e4244170482600bf8d01e4e7aeea4ed3fcfa7e9179fc9
109,77.26,0.00466990344,0x254fb89e4cab71708eaab16e067ca8156a38e18a,2017-10-31T23:40:05.000Z,0.000060444,0x6b01bb8b9f5d00a0f0fe8532d2beda1d5d1a42ce,sell,0x419d0d8bdd9af5e606ae2232ed285aff190e711b,0x4e3a071a2b8808c1c934d02c0645be2c58164287d216009ac4389103c596f185
110,200,0.0122,0xd6146c64896d92d4d32c37cb06779ddf20a05c82,2017-10-31T23:39:55.000Z,0.000061,0x6b01bb8b9f5d00a0f0fe8532d2beda1d5d1a42ce,sell,0x419d0d8bdd9af5e606ae2232ed285aff190e711b,0x5ebfeeb97479e345ab69951a7ca0bc5317caba6d299eb05b853328526df7952c
111,7594.06891214,0.45817295967614263,0x254fb89e4cab71708eaab16e067ca8156a38e18a,2017-10-31T18:40:05.000Z,0.000060333,0x3df86cefaecfaa31be2f74f8f832cb4ef62b79f8,sell,0x419d0d8bdd9af5e606ae2232ed285aff190e711b,0xf5a6cd712113cd3b7916193b457d0709f7877ae90e3cbef8ce70204315456cd2
112,20000,1.20682,0x681ba86651f392c04c077a53baf20e5f144526f0,2017-10-31T18:39:12.000Z,0.000060341,0x3df86cefaecfaa31be2f74f8f832cb4ef62b79f8,sell,0x419d0d8bdd9af5e606ae2232ed285aff190e711b,0xcdeeaf712924c80daed7b315bf9db5db68b46f8f609c9ba40fe82ff18ec03b5b
113,8240,0.500168,0x94c231252553fa7908d2df643a7cfef9e95d7b52,2017-10-31T18:38:34.000Z,0.0000607,0x3df86cefaecfaa31be2f74f8f832cb4ef62b79f8,sell,0x419d0d8bdd9af5e606ae2232ed285aff190e711b,0x7fbabc35711c728c2c6ae76928a4e702bac9538326caafc65461a0890fc8bb7d
114,3000,0.182106,0xa2b3871be1c880c095130b1906d9eb3b84e9e7b0,2017-10-31T18:38:34.000Z,0.000060702,0x3df86cefaecfaa31be2f74f8f832cb4ef62b79f8,sell,0x419d0d8bdd9af5e606ae2232ed285aff190e711b,0x672e265dc24fe06f136e6065dc27a227b2fa1e864fbf2ee8a06eaf0108a44b8e
115,5207.63460825,0.3166241841816,0x1fdf047bf7a114b37e7936d01e9cad754ad18803,2017-10-31T18:38:15.000Z,0.0000608,0x3df86cefaecfaa31be2f74f8f832cb4ef62b79f8,sell,0x419d0d8bdd9af5e606ae2232ed285aff190e711b,0x4f15254abd1c1bd0440f514a0e76eaa28b91a56d59001565915a6d4e4895152c
116,5758.403,0.350680984297,0x65a83820d3a8cd3c72e1b7f8b9e95c1571f0b062,2017-10-31T18:38:12.000Z,0.000060899,0x3df86cefaecfaa31be2f74f8f832cb4ef62b79f8,sell,0x419d0d8bdd9af5e606ae2232ed285aff190e711b,0x74e4b306a16132d1053b358cd18f5c9a862a52f3457462e9bc4d46fdc0e6acbc
117,2991.51098681,0.197140574030779,0xa536a5cba8f611fdbfd0bb79b059e24a0c6aa4c5,2017-10-31T18:00:54.000Z,0.0000659,0xacd435884b803bb1847bc0e5a198400fe2bcaf1a,sell,0x419d0d8bdd9af5e606ae2232ed285aff190e711b,0xd80b7ff25887ae5ff3f5bed6152b6c4b22936fded566d67db6ce8d4f115e7278
118,34570.57845645,2.1053136574193485,0x65a83820d3a8cd3c72e1b7f8b9e95c1571f0b062,2017-10-31T16:34:08.000Z,0.000060899,0x69df73a14f88d593ee436fb6d1e818f2fe8242a8,sell,0x419d0d8bdd9af5e606ae2232ed285aff190e711b,0x95a88b3e973cf8bfeed496855fa7543dfd77baf605cf61e269a641179e75946d
119,9950,0.60594505,0x65a83820d3a8cd3c72e1b7f8b9e95c1571f0b062,2017-10-31T16:26:16.000Z,0.000060899,0xbcc8cf77b7b48429730fd5f029206743071a40bf,sell,0x419d0d8bdd9af5e606ae2232ed285aff190e711b,0xfc2b2d4fdfb7a0292724409125955fff072ec1afb51f3baf3e694e6d82a44afb
120,38346.7086342,2.335276209114146,0x65a83820d3a8cd3c72e1b7f8b9e95c1571f0b062,2017-10-31T16:18:50.000Z,0.000060899,0xacd435884b803bb1847bc0e5a198400fe2bcaf1a,sell,0x419d0d8bdd9af5e606ae2232ed285aff190e711b,0xc0a547807a159682bbbc4644ea39fce451b02eaaad07b3c9155971c41dca0897
121,90.948,0.005729724,0xe3b14278b68c1cf3be88bc19c0091272936b5b61,2017-10-31T14:32:06.000Z,0.000063,0x527e6009e17c7e85ca8c3912accd8f0e12b89e2b,buy,0x419d0d8bdd9af5e606ae2232ed285aff190e711b,0xbcb74fd9bce22d5e709808284114815cad9d1d146ce4b425969177569504d856
122,3.12421094,0.00019057686734,0xfbf7dc0756a9768d0c71aea5f8421f3b1eaee7d1,2017-10-31T13:14:42.000Z,0.000061,0xdde91eb6ce7385f9f8569ddb12d6471086847633,sell,0x419d0d8bdd9af5e606ae2232ed285aff190e711b,0x88241f4d47b47c718200385e523118bdede7e478e9f7b3652f9fa45e9be06067
123,3119,0.196497,0xdf13d76cdc478b5098d1861068acaceda0f823a5,2017-10-31T12:41:44.000Z,0.000063,0x527e6009e17c7e85ca8c3912accd8f0e12b89e2b,buy,0x419d0d8bdd9af5e606ae2232ed285aff190e711b,0x07e318ee069edae331b768a78961102d9cf61fce4efafa03530249a2d0c9a3d1
124,12428.35985894,0.75812995139534,0xfbf7dc0756a9768d0c71aea5f8421f3b1eaee7d1,2017-10-31T12:15:46.000Z,0.000061,0xfb3df41415dc28cd70fc120d4bc643bd5ac2c087,sell,0x419d0d8bdd9af5e606ae2232ed285aff190e711b,0x154f6548ad4f2de540242edd301876000c16a533200dbad12e8f4109b1514b86
125,29.86311112,0.02986308126118175,0xf8b29cea7cb8753269f02e2a695d0c3c1db71623,2017-10-31T11:47:40.000Z,0.0009999990001437514,0xf36990a2cb4d609e0a7d4f3bf884c0342d81fd3d,buy,0x419d0d8bdd9af5e606ae2232ed285aff190e711b,0xf8bff2b8ebb2ae85b6033f9c16c73f97eac3e92d6941114b3bf22739d8b79534
126,600,0.0378,0x273a5d3e6721b9f5c1a6474f560c1334c63dda01,2017-10-31T09:51:25.000Z,0.000063,0x527e6009e17c7e85ca8c3912accd8f0e12b89e2b,buy,0x419d0d8bdd9af5e606ae2232ed285aff190e711b,0x13c37ef10330ce4fec707bd9e458bf7d3a8c5fe58d56433b8c739c0f5783c14a
127,598.2,0.040076409,0x975c8dfe6a0330c312920e3c1f99c5c698b70855,2017-10-31T09:51:25.000Z,0.000066995,0x273a5d3e6721b9f5c1a6474f560c1334c63dda01,sell,0x419d0d8bdd9af5e606ae2232ed285aff190e711b,0x13c37ef10330ce4fec707bd9e458bf7d3a8c5fe58d56433b8c739c0f5783c14a
128,598.57881014,0.036393591656512,0x1fdf047bf7a114b37e7936d01e9cad754ad18803,2017-10-31T09:41:45.000Z,0.0000608,0xfbf7dc0756a9768d0c71aea5f8421f3b1eaee7d1,sell,0x419d0d8bdd9af5e606ae2232ed285aff190e711b,0x2411dd3240b0a4f4c01962bb669cd0532a9cce297bf59c09d9707b249a0dda84
129,1516,0.095508,0x70d692072e72e1b4b26b01be1541cb46af42d8cb,2017-10-31T09:36:47.000Z,0.000063,0x527e6009e17c7e85ca8c3912accd8f0e12b89e2b,buy,0x419d0d8bdd9af5e606ae2232ed285aff190e711b,0x1923d6ff8a71fbbae7e9257e72318e90ce29516d4d04fc224b20da416c7ed6e8
130,14537.62913098,0.8824777011378789,0x1dfcac7871f9854814c7e25e7631a299b477873e,2017-10-31T09:26:18.000Z,0.000060703,0x33d85aac755ee5fc2a6027a3200004d755ae3418,sell,0x419d0d8bdd9af5e606ae2232ed285aff190e711b,0x6656b7a4afce8b2e96d267fe9996e59dec98cec9e07967322e2e66882d6e32fa
131,40,0.00275996,0x8a1fd9c947b6fed951142719249441008eec8087,2017-10-31T04:33:05.000Z,0.000068999,0x00a6ae3dc7e5af897322e62923124d13a6336168,buy,0x419d0d8bdd9af5e606ae2232ed285aff190e711b,0x4a6bdaac67afa92f0007b0e2ca670fb64f5c544ed10575f33fbc06659b4508d0
132,7.02,0.00042612102,0x1dfcac7871f9854814c7e25e7631a299b477873e,2017-10-31T04:32:10.000Z,0.000060701,0xe444a40689f51f63bcd29910622035707d533d29,sell,0x419d0d8bdd9af5e606ae2232ed285aff190e711b,0xbaf0d59c7d7563053116f33a404c9046dd727efeaedf8bdaafb91e2254a611ba
133,9046,0.6051774,0xe5abf00b3a510505a17cdf61080d8e87f1020b4a,2017-10-31T04:02:38.000Z,0.0000669,0xfbf7dc0756a9768d0c71aea5f8421f3b1eaee7d1,buy,0x419d0d8bdd9af5e606ae2232ed285aff190e711b,0x155ed170a9bb35edd7e00abc0443337c8e8d16c179c0f220dfcb49a54979ad20
134,30,0.00206997,0x8a1fd9c947b6fed951142719249441008eec8087,2017-10-31T03:41:05.000Z,0.000068999,0x00a6ae3dc7e5af897322e62923124d13a6336168,buy,0x419d0d8bdd9af5e606ae2232ed285aff190e711b,0xe0e6d6ece9d736db6802823376ccd07255006e322fe7b48014b8aa8e59e5c770
135,1499.99999999,0.10038000000003611,0xa65ed18c10390e8664dadce83f1bbd9a1d411a9a,2017-10-31T02:08:21.000Z,0.0000669200000004702,0xbcc8cf77b7b48429730fd5f029206743071a40bf,buy,0x419d0d8bdd9af5e606ae2232ed285aff190e711b,0xc9bebdea1ee141eb876a5b98edb1486e3aae3585f768695b795e2f8a60d198a4
136,9646.43440446,0.584573924910276,0xfbf7dc0756a9768d0c71aea5f8421f3b1eaee7d1,2017-10-31T01:47:15.000Z,0.0000606,0xaa10dc038b30b1ddb5309b9c9162323a80355cfc,sell,0x419d0d8bdd9af5e606ae2232ed285aff190e711b,0xd634d97b19175a00f0abe00055af232e0bec9f0d9275d3fc96ee1f5a5aaaaa83
137,24922.73950752,1.506430066792539,0x254fb89e4cab71708eaab16e067ca8156a38e18a,2017-10-31T00:13:39.000Z,0.000060444,0xf431f2085f272d931421be1f765fb76c14494540,sell,0x419d0d8bdd9af5e606ae2232ed285aff190e711b,0xc6502a331c03658b2a9ef3d29dc2d3e8330f6b2dc04da4a2c5d9d90672745853
138,13,0.00087737,0x5971f9b8c955285dcd49d4951a33a613d3e2701b,2017-10-30T22:00:57.000Z,0.00006749,0x492842125e4c3a7d10cda0e0291ea22788e4ad60,buy,0x419d0d8bdd9af5e606ae2232ed285aff190e711b,0xc8bdc7fdbf821e910a620947b5ca9f69cc2c64bcb69c10f5ee70a40d4047eb74
139,9676.33835112,0.586386104077872,0xaa10dc038b30b1ddb5309b9c9162323a80355cfc,2017-10-30T22:00:52.000Z,0.0000606,0x7f9354eb6af29ebe56dc5cecbe729b80e97c954f,sell,0x419d0d8bdd9af5e606ae2232ed285aff190e711b,0x4b4526e87acbd37d488265b426cc8e4b9860dc605da66de92e85d4dd402d6c75
140,99993.96770013,6.049735039825565,0xd990b20677084e0ecc854a956cb15a401515dfe8,2017-10-30T21:58:43.000Z,0.000060501,0x7f9354eb6af29ebe56dc5cecbe729b80e97c954f,sell,0x419d0d8bdd9af5e606ae2232ed285aff190e711b,0x67e72d35c1e7a258abcef41ac1c3ff4fe97ee5ac6ac51be6723bb73b82dfc4d2
141,6.03229987,0.00036496017443487,0xd990b20677084e0ecc854a956cb15a401515dfe8,2017-10-30T21:52:55.000Z,0.000060501,0x7f9354eb6af29ebe56dc5cecbe729b80e97c954f,sell,0x419d0d8bdd9af5e606ae2232ed285aff190e711b,0x01113bf3194d43641fd4f4458e141b4229abfb44a762433d500190d67e4b8d66
142,7153,0.4999947,0x0fedab8eb2a0d3c818785929c2c36b5eb12d01d2,2017-10-30T18:36:33.000Z,0.0000699,0xc44d85575607a609c1d7f49819754722ca0bbc97,buy,0x419d0d8bdd9af5e606ae2232ed285aff190e711b,0xe15ccce0b2e98b3c347df011e0b4a8103ae561b2812b1f5d6e8004ab7c8ddbed
143,1,0.00006995,0x422d7c1f2f04e7582163d1381a436516f4de3c2a,2017-10-30T15:01:12.000Z,0.00006995,0x90c984a67ea15e17bde75daa7ec0e2f4417fcaf0,buy,0x419d0d8bdd9af5e606ae2232ed285aff190e711b,0x0dfd9696116fbda30e57a4f13657b60f016498a8795c5351867cb7452fc37f55
144,0.26918219,0.000016212843303701,0xbcc8cf77b7b48429730fd5f029206743071a40bf,2017-10-30T14:53:31.000Z,0.00006023000000000371,0xf607b70101032f825540222754ee4e5f4b7435fe,sell,0x419d0d8bdd9af5e606ae2232ed285aff190e711b,0x64de0c82ac76a6650d70c5659d71bd96fd5d8be301b587ea82ec8e92aab63f67
145,1500,0.105,0x8036aa56142082250a61947a19a701f02a961b6d,2017-10-30T14:05:02.000Z,0.00007,0xa6592a06d94e35e983b48ba2627bdc46000c9240,buy,0x419d0d8bdd9af5e606ae2232ed285aff190e711b,0xe79cf441d2dc66338dc7c1492c839c232ff9ffc9ebb176171096c6ab7ec1c985
146,34543.59055721,2.0726154334326,0x739c5f6d73d483705a08f9a52c7cd61c7933573e,2017-10-30T13:55:00.000Z,0.00006,0xf131fce10896761334ab338ed9b5af64122b4297,buy,0x419d0d8bdd9af5e606ae2232ed285aff190e711b,0x743315d6a4abf54ee6d68a500e43986078a55e76cf1205d55802d0d845a8fc4d
147,313947.49,18.52290191,0xfa45c6991a2c3d74ada3a279e21135133ce3da8a,2017-10-30T12:49:20.000Z,0.000059,0xf131fce10896761334ab338ed9b5af64122b4297,buy,0x419d0d8bdd9af5e606ae2232ed285aff190e711b,0x20332b4ccdf3ccf9da64696dab1d2e8de16ebaf48ea2d4a07c38d1b2d5ea3d33
148,161887.08489332,9.551338008705917,0xf2b1fdc974a80ae077f285421eb39e10403fb1f2,2017-10-30T12:47:55.000Z,0.00005900000000000022,0xf131fce10896761334ab338ed9b5af64122b4297,buy,0x419d0d8bdd9af5e606ae2232ed285aff190e711b,0x18d1ceb7c75e36f1f3ad57d990558be7f3520424d59406f9e4216c9614b76729
149,27500,1.6225,0x47cce6037f4aa5e75c99054a0468f4161362a4a5,2017-10-30T12:46:15.000Z,0.000059,0xf131fce10896761334ab338ed9b5af64122b4297,buy,0x419d0d8bdd9af5e606ae2232ed285aff190e711b,0x029260012401789b2316faefed2be201a9c65ff819708560167aac7cb75b7b91
150,300,0.0177,0x1b1c185352e45359838a080260e1a08b98e1e8b7,2017-10-30T11:47:36.000Z,0.000059,0xf131fce10896761334ab338ed9b5af64122b4297,buy,0x419d0d8bdd9af5e606ae2232ed285aff190e711b,0x8b686120a574a42c42344cccb4e8ea4f301f96fd8bf934d660f506739ff583a0
151,160535.00557717,9.471565329053336,0xf2b1fdc974a80ae077f285421eb39e10403fb1f2,2017-10-30T11:24:56.000Z,0.0000590000000000019,0xf131fce10896761334ab338ed9b5af64122b4297,buy,0x419d0d8bdd9af5e606ae2232ed285aff190e711b,0x8406bf4602b9b13e75b85886367fa64591f95cb22a4b2ae82fc3845ed9301421
152,67500,3.9825,0x33f1354cc631a19ed11edd2d935bd477f1afd5c4,2017-10-30T11:21:33.000Z,0.000059,0xf131fce10896761334ab338ed9b5af64122b4297,buy,0x419d0d8bdd9af5e606ae2232ed285aff190e711b,0x4d4c0aece40bdcac797a2caae5ec5983e3b3b2b8591d698dcce7e0371885f89a
153,157149.41922065,9.27181573401862,0xf2b1fdc974a80ae077f285421eb39e10403fb1f2,2017-10-30T11:03:29.000Z,0.00005900000000000171,0xf131fce10896761334ab338ed9b5af64122b4297,buy,0x419d0d8bdd9af5e606ae2232ed285aff190e711b,0x8858a95ba1bbc876fc3874b0c96358987d7556ce6554ca7e1a943a52b59f9dbd
154,69,0.004071,0x94b0bf6dd676f7b4884557735945b927535fd822,2017-10-30T10:54:58.000Z,0.000059,0xf131fce10896761334ab338ed9b5af64122b4297,buy,0x419d0d8bdd9af5e606ae2232ed285aff190e711b,0xaffc3c395de09d89124af3a50790124649111caf1db1754901f09db4c66f3a94
155,397225.49098082,23.039078476887635,0x73255d98f7ac75beb5397febd37db3b3650d8156,2017-10-30T10:45:21.000Z,0.00005800000000000018,0xf131fce10896761334ab338ed9b5af64122b4297,buy,0x419d0d8bdd9af5e606ae2232ed285aff190e711b,0x23d6f7f668b67697da6b9a95339b7967ab03ba978b9abaca7730676e12c074c3
156,6016.92579651,0.34898169619767255,0xbcc8cf77b7b48429730fd5f029206743071a40bf,2017-10-30T10:41:29.000Z,0.00005800000000001538,0xf131fce10896761334ab338ed9b5af64122b4297,buy,0x419d0d8bdd9af5e606ae2232ed285aff190e711b,0xca704b6a891756ee4a2d5142a166870231968eee3965f5c40139146cc94d4ad0
157,61997.46303699,3.5958528561459477,0x3fef3e85b09a340029b9eee96c63c239a22e7a36,2017-10-30T10:39:29.000Z,0.0000580000000000085,0xf131fce10896761334ab338ed9b5af64122b4297,buy,0x419d0d8bdd9af5e606ae2232ed285aff190e711b,0x53556d1753d7a878eb0270b2cd0fcf2fb14d0669bc518f8c639fc165a63dec32
158,6021.13591422,0.34922588302485863,0xbcc8cf77b7b48429730fd5f029206743071a40bf,2017-10-30T10:39:17.000Z,0.00005800000000001637,0xf131fce10896761334ab338ed9b5af64122b4297,buy,0x419d0d8bdd9af5e606ae2232ed285aff190e711b,0xf3a48b6893dc1f6fc7cdc23043ad936b57752fcea8d5ae7e6849ec579ce71144
159,96269.44725467,5.58362794077134,0xf2b1fdc974a80ae077f285421eb39e10403fb1f2,2017-10-30T10:36:30.000Z,0.00005800000000000498,0xf131fce10896761334ab338ed9b5af64122b4297,buy,0x419d0d8bdd9af5e606ae2232ed285aff190e711b,0x37d20ee7ede0fe891bb5c3cc0562b967b72a7cadd84af35cf812900abc9af020
160,161584.03236736,9.371873877307314,0xf2b1fdc974a80ae077f285421eb39e10403fb1f2,2017-10-30T10:29:44.000Z,0.00005800000000000268,0xf131fce10896761334ab338ed9b5af64122b4297,buy,0x419d0d8bdd9af5e606ae2232ed285aff190e711b,0xe24bbe9c62a734502d71419a7a164d3ce37b079ff091eecac951fa2c6f75bc0f
161,159773.5046494,9.266863269665235,0xf2b1fdc974a80ae077f285421eb39e10403fb1f2,2017-10-30T10:09:10.000Z,0.00005800000000000021,0xf131fce10896761334ab338ed9b5af64122b4297,buy,0x419d0d8bdd9af5e606ae2232ed285aff190e711b,0x51a17be713ea8f5f30020fe7358a3842279f3a317fed6565084c94a953693909
162,221478.394,12.624268458,0x9778550d76b07ac9f5e57392f68ecdf6efc1774e,2017-10-30T09:21:45.000Z,0.000057,0xf131fce10896761334ab338ed9b5af64122b4297,buy,0x419d0d8bdd9af5e606ae2232ed285aff190e711b,0x29fd05180fc0192031c29dbdf7c3492ab0a0c563083fb8bddb8ece9d2e404147
163,19086.73662499,1.0879439876244474,0xbcc8cf77b7b48429730fd5f029206743071a40bf,2017-10-30T09:19:56.000Z,0.00005700000000000091,0xf131fce10896761334ab338ed9b5af64122b4297,buy,0x419d0d8bdd9af5e606ae2232ed285aff190e711b,0xd8a33bc3001d820fe98197580d7c82d7044d1060d6a31f8f6f816fb685bb914a
164,50000,2.85,0x23c09abbc301e4bd6396548f5f6005ab345afb7e,2017-10-30T09:19:40.000Z,0.000057,0xf131fce10896761334ab338ed9b5af64122b4297,buy,0x419d0d8bdd9af5e606ae2232ed285aff190e711b,0xdac62f70c784501eb7f915644021b227c8b7c1c2ea53c5baf60f7d90e5f59019
165,347172.2853628,19.788820265680112,0x3df86cefaecfaa31be2f74f8f832cb4ef62b79f8,2017-10-30T09:19:02.000Z,0.00005700000000000147,0xf131fce10896761334ab338ed9b5af64122b4297,buy,0x419d0d8bdd9af5e606ae2232ed285aff190e711b,0xc9cc93a9fc475e3255eb69986487b43a5cdbfa6ee5a246d3ae35e8522e2406e1
166,201150.58388518,11.465583281455745,0x8e69a7a7fa07ebd03ed04853b0aee4696ef6d414,2017-10-30T09:19:02.000Z,0.00005700000000000241,0xf131fce10896761334ab338ed9b5af64122b4297,buy,0x419d0d8bdd9af5e606ae2232ed285aff190e711b,0xd232b7a0cb826e9b5479d28ffb47c9d73a10b6c0bab3cf518852484e4ac4f56c
167,50000,2.85,0x23c09abbc301e4bd6396548f5f6005ab345afb7e,2017-10-30T09:18:32.000Z,0.000057,0xf131fce10896761334ab338ed9b5af64122b4297,buy,0x419d0d8bdd9af5e606ae2232ed285aff190e711b,0xee830a22cb6183b1ef60d16f7b80856a169f8e94af90746e95d1d6ce8fcb8c39
168,236205.87561848,13.699940785871897,0x9778550d76b07ac9f5e57392f68ecdf6efc1774e,2017-10-30T09:01:02.000Z,0.00005800000000000024,0xf131fce10896761334ab338ed9b5af64122b4297,buy,0x419d0d8bdd9af5e606ae2232ed285aff190e711b,0x1d4f0fad9d1e03691346308af935a4dfd8dc3f5f0212babce6edfa4fc9ffcbad
169,361246.82,20.59106874,0x3df86cefaecfaa31be2f74f8f832cb4ef62b79f8,2017-10-30T08:55:14.000Z,0.000057,0xf131fce10896761334ab338ed9b5af64122b4297,buy,0x419d0d8bdd9af5e606ae2232ed285aff190e711b,0x4878ae9e8fae0ca8b9495def86c3665bbcfce104af20f37c513c410a0ec1bc00
170,527641.17959987,30.075547237192897,0x3df86cefaecfaa31be2f74f8f832cb4ef62b79f8,2017-10-30T08:52:14.000Z,0.00005700000000000058,0xf131fce10896761334ab338ed9b5af64122b4297,buy,0x419d0d8bdd9af5e606ae2232ed285aff190e711b,0x73cf5489f93955527a8a698e52dd1ca2d1b6d1d8efd21a8f6ce9604d9c7e5c79
171,200000,11.6,0x98b8f889dbe2b5c4c5879f65e13b24012f2afdce,2017-10-30T08:43:28.000Z,0.000058,0xf131fce10896761334ab338ed9b5af64122b4297,buy,0x419d0d8bdd9af5e606ae2232ed285aff190e711b,0xa8de722c74fe43da534a92182707748666b9465dd13cc7346134737568fedcc3
172,100000,5.8,0x9778550d76b07ac9f5e57392f68ecdf6efc1774e,2017-10-30T08:43:28.000Z,0.000058,0xf131fce10896761334ab338ed9b5af64122b4297,buy,0x419d0d8bdd9af5e606ae2232ed285aff190e711b,0x2c2472f293a1296e7072281e48369172c22d8f1441be34ea4cd69e803e0700b9
173,13029.075,0.742657275,0x9778550d76b07ac9f5e57392f68ecdf6efc1774e,2017-10-30T08:41:33.000Z,0.000057,0xf131fce10896761334ab338ed9b5af64122b4297,buy,0x419d0d8bdd9af5e606ae2232ed285aff190e711b,0xbb1cbda2cee9bf0fe9ff5c0a2c99216274c9adafadf67b771d2ed2cc9ce86213
174,100000,5.7,0x23c09abbc301e4bd6396548f5f6005ab345afb7e,2017-10-30T08:41:06.000Z,0.000057,0xf131fce10896761334ab338ed9b5af64122b4297,buy,0x419d0d8bdd9af5e606ae2232ed285aff190e711b,0x846eae21479ac09516f3845b7d5668427ae47e891d0730ffaf4883793f958c6d
175,244878.62149797,13.958081425384691,0x739c5f6d73d483705a08f9a52c7cd61c7933573e,2017-10-30T08:40:28.000Z,0.00005700000000000163,0xf131fce10896761334ab338ed9b5af64122b4297,buy,0x419d0d8bdd9af5e606ae2232ed285aff190e711b,0xdf1aeb040c21432a2694dcf43652ffc928159aa3995f330923a95331a06fa58f
176,197647.30320312,11.265896282578167,0x8e69a7a7fa07ebd03ed04853b0aee4696ef6d414,2017-10-30T08:39:18.000Z,0.00005700000000000165,0xf131fce10896761334ab338ed9b5af64122b4297,buy,0x419d0d8bdd9af5e606ae2232ed285aff190e711b,0x34fb8056daebc31bbd07a61b40fd99452aa328f4043f8bcc4499977837b2bc5c
177,19349.12438151,1.1222492141281026,0xbcc8cf77b7b48429730fd5f029206743071a40bf,2017-10-30T08:38:48.000Z,0.00005800000000002701,0xf131fce10896761334ab338ed9b5af64122b4297,buy,0x419d0d8bdd9af5e606ae2232ed285aff190e711b,0x8f6d84ec3d27cab715f23fea7d6b9630e5c350b10f3b9e7e91d7d64a978877ac
178,555555,32.22219,0x3df86cefaecfaa31be2f74f8f832cb4ef62b79f8,2017-10-30T08:33:03.000Z,0.000058,0xf131fce10896761334ab338ed9b5af64122b4297,buy,0x419d0d8bdd9af5e606ae2232ed285aff190e711b,0x58551b3d11cd6107d7743664e17b40578bdf1ef9d310b5e06522c0b0261154ac
179,310000,17.081,0x1b7688a79d07be5b3d03cfc59983c0d3ddf54de3,2017-10-30T08:32:13.000Z,0.0000551,0xf131fce10896761334ab338ed9b5af64122b4297,sell,0x419d0d8bdd9af5e606ae2232ed285aff190e711b,0x6c225efad2430b4d3b61ac3fc2275d637bb86a6681d6773123da10b90644bb8e
180,30000,1.6533,0x3dee4a4e076e8d82859d241db0baf46f112cfa23,2017-10-30T08:31:41.000Z,0.00005511,0xf131fce10896761334ab338ed9b5af64122b4297,sell,0x419d0d8bdd9af5e606ae2232ed285aff190e711b,0x2ef94212d9a75e43b06c10ce62e829893faabf54fb42a31b78ee23c06805a0e7
181,3220,0.1788871,0xf732b16f5aee6cd2db5b30a7a3860764a48b19ff,2017-10-30T08:31:12.000Z,0.000055555,0xf131fce10896761334ab338ed9b5af64122b4297,sell,0x419d0d8bdd9af5e606ae2232ed285aff190e711b,0xcf5f64583cb0a7051f21624286432ac3b26ed0afc2ac630d9bc35e2a5075f4dc
182,1000,0.06,0x54deced0cbc8f51b55daf7e8b86675b53c13c718,2017-10-30T08:21:53.000Z,0.00006,0xf131fce10896761334ab338ed9b5af64122b4297,buy,0x419d0d8bdd9af5e606ae2232ed285aff190e711b,0xcdbc8181d555f7bbfd49fc2649e9dd0d4879cbeeecf47f8ea23bb86e54abbe3f
183,59000,3.54,0xced732ca92cb4f040239c4e8c85f14acbb5db000,2017-10-30T08:11:28.000Z,0.00006,0xf131fce10896761334ab338ed9b5af64122b4297,buy,0x419d0d8bdd9af5e606ae2232ed285aff190e711b,0xdb1324f9adc2550cd5795ea406fe083456e08a4274d66af01062b493afb8b2b9
184,1100,0.0627,0xced732ca92cb4f040239c4e8c85f14acbb5db000,2017-10-30T08:09:01.000Z,0.000057,0x74f355aeddfe000c50701d15594e37af63fddaa4,buy,0x419d0d8bdd9af5e606ae2232ed285aff190e711b,0xab17054fa4853377175d8870e6a6cc14f261e4d30ed6bd8303a835490805fccb
185,181065.54180288,10.501801424567612,0x9778550d76b07ac9f5e57392f68ecdf6efc1774e,2017-10-30T07:56:08.000Z,0.00005800000000000316,0xf131fce10896761334ab338ed9b5af64122b4297,buy,0x419d0d8bdd9af5e606ae2232ed285aff190e711b,0xa6fc320ceb7eeea17730bcaf6b3578a67615f3477822f485acfa786d96b1fe6b
186,2.80803124,0.0001684818744,0x1d5321e125f6c7079a716705541c7b371ca79e69,2017-10-30T07:55:05.000Z,0.00006,0xf131fce10896761334ab338ed9b5af64122b4297,buy,0x419d0d8bdd9af5e606ae2232ed285aff190e711b,0x635f4753456483e88a9a06b8461a8381b56e95ae4db375ed3ef31189b963907e
187,2.79963234,0.000179456432994,0x1fdf047bf7a114b37e7936d01e9cad754ad18803,2017-10-30T07:55:05.000Z,0.0000641,0x1d5321e125f6c7079a716705541c7b371ca79e69,sell,0x419d0d8bdd9af5e606ae2232ed285aff190e711b,0x635f4753456483e88a9a06b8461a8381b56e95ae4db375ed3ef31189b963907e
188,233013.41437645,13.514778033834233,0x739c5f6d73d483705a08f9a52c7cd61c7933573e,2017-10-30T07:54:29.000Z,0.00005800000000000056,0xf131fce10896761334ab338ed9b5af64122b4297,buy,0x419d0d8bdd9af5e606ae2232ed285aff190e711b,0x71a389d277193a25385220521bb6bb02182393fd1e0dc78a35fe95ee3552c1e6
189,141476.04382065,8.205610541598155,0x8e69a7a7fa07ebd03ed04853b0aee4696ef6d414,2017-10-30T07:53:39.000Z,0.00005800000000000321,0xf131fce10896761334ab338ed9b5af64122b4297,buy,0x419d0d8bdd9af5e606ae2232ed285aff190e711b,0x6090c579cdd398aafb7eebf4868ebc1dedbec1d739e6a2908d60610deb09ae56
190,45000,2.61,0x8e69a7a7fa07ebd03ed04853b0aee4696ef6d414,2017-10-30T07:51:58.000Z,0.000058,0x74f355aeddfe000c50701d15594e37af63fddaa4,buy,0x419d0d8bdd9af5e606ae2232ed285aff190e711b,0x830482bee97222cb6bc1238262264e21d2af19c489da68a2cfd55e58b7167ea4
191,285780.74780971,17.146844868582757,0x1b7688a79d07be5b3d03cfc59983c0d3ddf54de3,2017-10-30T07:51:23.000Z,0.00006000000000000054,0xf131fce10896761334ab338ed9b5af64122b4297,buy,0x419d0d8bdd9af5e606ae2232ed285aff190e711b,0xc14e1088b12ede02bdbc8adb7b35a968621385ec0a4ece8056cfc2fce36006d0
192,412731.419,22.929293982545,0x3df86cefaecfaa31be2f74f8f832cb4ef62b79f8,2017-10-30T07:50:27.000Z,0.000055555,0xf131fce10896761334ab338ed9b5af64122b4297,buy,0x419d0d8bdd9af5e606ae2232ed285aff190e711b,0x0aea2801e29bc8096640f8db940dfeb308d8a840d05123d9f52c93e9ae6e372a
193,40000,2.2222,0x23c09abbc301e4bd6396548f5f6005ab345afb7e,2017-10-30T07:49:48.000Z,0.000055555,0xf131fce10896761334ab338ed9b5af64122b4297,buy,0x419d0d8bdd9af5e606ae2232ed285aff190e711b,0xb095ba71f2c050e2e8c9d242d0fbe1d56932e2c9b6f4c5e2b0180796eb129423
194,2815.13530532,0.17045925787243132,0x0c5719fba3a34b524ae668cb51c5e2ce0e1ead14,2017-10-30T07:49:08.000Z,0.000060551,0xc9d56287b414e1aa0963016aa721b527f095fd9c,sell,0x419d0d8bdd9af5e606ae2232ed285aff190e711b,0x91483ce4e08a5844ac378d875e8e337cd67b66737534a5bfde610f95f382f7af
195,2823.58071123,0.15686402641238265,0xc9d56287b414e1aa0963016aa721b527f095fd9c,2017-10-30T07:49:08.000Z,0.000055555,0xf131fce10896761334ab338ed9b5af64122b4297,buy,0x419d0d8bdd9af5e606ae2232ed285aff190e711b,0x91483ce4e08a5844ac378d875e8e337cd67b66737534a5bfde610f95f382f7af
196,100000,5.5555,0x23c09abbc301e4bd6396548f5f6005ab345afb7e,2017-10-30T07:48:42.000Z,0.000055555,0xf131fce10896761334ab338ed9b5af64122b4297,buy,0x419d0d8bdd9af5e606ae2232ed285aff190e711b,0x89c7935876993ed9d7b6e680d20b2f4bd5644909485fb665ee0438c954c985ed
197,46100,1.5674,0x74f355aeddfe000c50701d15594e37af63fddaa4,2017-10-30T07:40:54.000Z,0.000034,0xf131fce10896761334ab338ed9b5af64122b4297,sell,0x419d0d8bdd9af5e606ae2232ed285aff190e711b,0x67c9e33d26b65bba12c0e78fd89a5eb97aad4e33a794edc0d22843291b0ab698
198,300000,16.2,0x1d7384d546de28d682ec9a73c2aba056c72364cb,2017-10-30T07:40:54.000Z,0.000054,0xf131fce10896761334ab338ed9b5af64122b4297,sell,0x419d0d8bdd9af5e606ae2232ed285aff190e711b,0x4dd70467c9c13d33340f656856e418653c6ec521b5afb0fd5d164a8086a24af2
199,20000,1.16002,0x3dee4a4e076e8d82859d241db0baf46f112cfa23,2017-10-30T07:40:54.000Z,0.000058001,0xf131fce10896761334ab338ed9b5af64122b4297,sell,0x419d0d8bdd9af5e606ae2232ed285aff190e711b,0xefb225401b8c71e36245621686bc11dfafc2b53284c204c5154b2de534c52f4f
200,12500,0.5,0xc44d85575607a609c1d7f49819754722ca0bbc97,2017-10-30T07:40:54.000Z,0.00004,0xf131fce10896761334ab338ed9b5af64122b4297,sell,0x419d0d8bdd9af5e606ae2232ed285aff190e711b,0x375bf5ba0d79c532f1487cb08cc24752d91d3a660e67551ad112acb3352dfe26
201,100000,5.8,0xfa45c6991a2c3d74ada3a279e21135133ce3da8a,2017-10-30T07:40:54.000Z,0.000058,0xf131fce10896761334ab338ed9b5af64122b4297,sell,0x419d0d8bdd9af5e606ae2232ed285aff190e711b,0x22b1a4c424ef79e468453c175370717acefc68f0704e91a6684a3b76e5b5cbc0
202,50000,2.5,0x3dee4a4e076e8d82859d241db0baf46f112cfa23,2017-10-30T07:40:54.000Z,0.00005,0xf131fce10896761334ab338ed9b5af64122b4297,sell,0x419d0d8bdd9af5e606ae2232ed285aff190e711b,0xd2de235417c02c5cab85966fd8b9b558d2e53e5c24a9e3accc52c116a1da2f8c
203,1000,0.05,0xc109f54175ba9e43df802f458ecb68dceb673b01,2017-10-30T07:40:54.000Z,0.00005,0xf131fce10896761334ab338ed9b5af64122b4297,sell,0x419d0d8bdd9af5e606ae2232ed285aff190e711b,0xdc9bf1cd5deb7484cb4c87f31bb810a4b607ec6928c86718d5a2ebe28044e394
204,30000,1.62336,0x3dee4a4e076e8d82859d241db0baf46f112cfa23,2017-10-30T07:40:54.000Z,0.000054112,0xf131fce10896761334ab338ed9b5af64122b4297,sell,0x419d0d8bdd9af5e606ae2232ed285aff190e711b,0x58997ef5b4780aedea73c3e7e18be1dc8071f369a31674b420ad9cbee3fd48bb
205,200000,10.8222,0x98b8f889dbe2b5c4c5879f65e13b24012f2afdce,2017-10-30T07:40:54.000Z,0.000054111,0xf131fce10896761334ab338ed9b5af64122b4297,sell,0x419d0d8bdd9af5e606ae2232ed285aff190e711b,0x630076ab13a8005c86d4dfd8e3c6373e5ab72c639baaa74ffb07cc1311f0516d
206,28024.60697197,1.64,0xbcc8cf77b7b48429730fd5f029206743071a40bf,2017-10-30T07:40:29.000Z,0.00005852000000001126,0xf131fce10896761334ab338ed9b5af64122b4297,sell,0x419d0d8bdd9af5e606ae2232ed285aff190e711b,0x9ea6ed81131de948135705363f8871cc198c7940f0cd48add4264c6d2c007d42
207,615,0.036285,0x6e1f291b9358214d1c2e12f266e1e15775bd12bc,2017-10-30T07:40:10.000Z,0.000059,0xf131fce10896761334ab338ed9b5af64122b4297,sell,0x419d0d8bdd9af5e606ae2232ed285aff190e711b,0x247a22e6da1562c64837ff2b7ce49e1692e81a9ad0c4ef4703f41a3a24c389a4
208,309.0419699,0.0182334762241,0xfa45c6991a2c3d74ada3a279e21135133ce3da8a,2017-10-30T07:39:39.000Z,0.000059,0xf131fce10896761334ab338ed9b5af64122b4297,sell,0x419d0d8bdd9af5e606ae2232ed285aff190e711b,0xc6effed2f5a8104124b1ccaae1eb154197ff25ad75a17bef1ae9bb3f149347cf
209,88910.06597051,5.3346039582306,0xfa45c6991a2c3d74ada3a279e21135133ce3da8a,2017-10-30T07:39:09.000Z,0.00006,0xf131fce10896761334ab338ed9b5af64122b4297,sell,0x419d0d8bdd9af5e606ae2232ed285aff190e711b,0x3127c3c034cf5f1d9b9bb3dde7fe61677209a121cea09cfb9c909b54576906bb
210,58161.3362509,3.7804868563088316,0x7ddece90e00785c97dafe08df75f61786fa4d47a,2017-10-30T04:59:54.000Z,0.0000650000000000057,0x1d7384d546de28d682ec9a73c2aba056c72364cb,buy,0x419d0d8bdd9af5e606ae2232ed285aff190e711b,0x086162a4f92df139caa7a1778c3903827b5f470de0ac4d4df0219bd166ff97f2
211,12507.37539519,0.8128543269333981,0x70d692072e72e1b4b26b01be1541cb46af42d8cb,2017-10-30T00:18:05.000Z,0.00006499,0xbcc8cf77b7b48429730fd5f029206743071a40bf,sell,0x419d0d8bdd9af5e606ae2232ed285aff190e711b,0xc60db395c9cc458c61f49fc826fb275c21935b9ccb8e21053602b3f3040bc2b8
212,980.11553816,0.06174727890408,0x273a5d3e6721b9f5c1a6474f560c1334c63dda01,2017-10-30T00:13:50.000Z,0.000063,0xf2b1fdc974a80ae077f285421eb39e10403fb1f2,buy,0x419d0d8bdd9af5e606ae2232ed285aff190e711b,0xc5f10ed01ea6ae87f29c684c176e674de9a3a4125d761776f27216ebc355df0d
213,977.17519154,0.0635066156981846,0x70d692072e72e1b4b26b01be1541cb46af42d8cb,2017-10-30T00:13:50.000Z,0.00006499,0x273a5d3e6721b9f5c1a6474f560c1334c63dda01,sell,0x419d0d8bdd9af5e606ae2232ed285aff190e711b,0xc5f10ed01ea6ae87f29c684c176e674de9a3a4125d761776f27216ebc355df0d
214,23.031,0.0014762871,0x1fdf047bf7a114b37e7936d01e9cad754ad18803,2017-10-29T20:29:49.000Z,0.0000641,0xaca41f3b6f18ecbf7c049cbeb31470cd1ddc5efe,sell,0x419d0d8bdd9af5e606ae2232ed285aff190e711b,0xda720533a9c8496b76b9a4cefc1e2b264eb4e87ddeb8520eca697b548fc09306
215,23.87405071,0.00150406519477775,0xaca41f3b6f18ecbf7c049cbeb31470cd1ddc5efe,2017-10-29T20:26:11.000Z,0.00006300000000200007,0xf2b1fdc974a80ae077f285421eb39e10403fb1f2,buy,0x419d0d8bdd9af5e606ae2232ed285aff190e711b,0x8ca2743bca727ed67b05efba85ed31dea21e26831014dff25cf5d3cb97cdd26b
216,499.39487587,0.0299636925522,0xfa45c6991a2c3d74ada3a279e21135133ce3da8a,2017-10-29T18:27:15.000Z,0.00006,0xaca41f3b6f18ecbf7c049cbeb31470cd1ddc5efe,sell,0x419d0d8bdd9af5e606ae2232ed285aff190e711b,0x864c3d0a0a2a215575e43acb6c03008941334b0ac15914b5bda1403a6357073c
217,99690.9580301,5.8817665237759,0xfa45c6991a2c3d74ada3a279e21135133ce3da8a,2017-10-29T16:37:32.000Z,0.000059,0x4769847b8da748a1aabff8ee554967bc0cfa6ae8,sell,0x419d0d8bdd9af5e606ae2232ed285aff190e711b,0x00e338f77d206de17bf72ae7d67b39571d61580d7fdbbafd7ea001acdda363a6
218,10,0.00063,0x0b773d7819259d78757b26dc4148812d35676d8f,2017-10-29T16:35:55.000Z,0.000063,0xf2b1fdc974a80ae077f285421eb39e10403fb1f2,buy,0x419d0d8bdd9af5e606ae2232ed285aff190e711b,0x307c21c456b56d679c34333e34c9f6204644865d0e96ea0301f584ed94662ec6
219,0.77925431,0.0000467552586,0xfa45c6991a2c3d74ada3a279e21135133ce3da8a,2017-10-29T14:29:16.000Z,0.00006,0x75dc13a4946808c09876733ed164521a87cfe61b,sell,0x419d0d8bdd9af5e606ae2232ed285aff190e711b,0xac755f78e8ad589ea05ff56b461ab094400b1ac01febf0b8c50b9e2752e7df17
220,7816.69989931,0.4690019939586,0xfa45c6991a2c3d74ada3a279e21135133ce3da8a,2017-10-29T14:25:51.000Z,0.00006,0x75dc13a4946808c09876733ed164521a87cfe61b,sell,0x419d0d8bdd9af5e606ae2232ed285aff190e711b,0x004097e71d942a059c070eb741c54f25ab5892115b23b1bda6d8a05e625994ed
221,660.11,0.0399696605,0x6e1f291b9358214d1c2e12f266e1e15775bd12bc,2017-10-29T14:17:57.000Z,0.00006055,0x75dc13a4946808c09876733ed164521a87cfe61b,sell,0x419d0d8bdd9af5e606ae2232ed285aff190e711b,0x8e6cbc40be2bf92d11d077207cb126cbe09f056fe199225898364348c63b8047
222,1103.667,0.068429561334,0x09a99a4e50720d60cd6fd1f6519bc1b94e0d526b,2017-10-29T14:17:25.000Z,0.000062002,0x75dc13a4946808c09876733ed164521a87cfe61b,sell,0x419d0d8bdd9af5e606ae2232ed285aff190e711b,0x7accfff5b0926cc119ac3de6bb48fc6ce8b3f7b2b89fc714b4ab6f9a961b751c
223,613.59084019,0.038717582015989,0x786370af4244080653d5b0a30d90d1377bc7a231,2017-10-29T14:08:35.000Z,0.0000631,0xd455698844768e7539978891f6242e58c3dc9459,sell,0x419d0d8bdd9af5e606ae2232ed285aff190e711b,0x650ddc6d1bd1bbacb87633ac26b48f5ebb709d1c9f4248ea97b77819ab21c5e3
224,615,0.038745,0xd455698844768e7539978891f6242e58c3dc9459,2017-10-29T14:07:14.000Z,0.000063,0xf2b1fdc974a80ae077f285421eb39e10403fb1f2,buy,0x419d0d8bdd9af5e606ae2232ed285aff190e711b,0xc32f927016560ffd78b43ec85e52af7ac47c188a6621a4ec4a7bc62b5ac6ff25
225,2773.05975445,0.17470276453035,0xfa45c6991a2c3d74ada3a279e21135133ce3da8a,2017-10-29T12:51:13.000Z,0.000063,0x9778550d76b07ac9f5e57392f68ecdf6efc1774e,sell,0x419d0d8bdd9af5e606ae2232ed285aff190e711b,0xe34d175000db6edc74e9930e72fcf98fd729050405a7a5870ee20d4f424f42eb
226,3320,0.21248,0x00d2d4baf2abad93b824a04b025c31f90c2275f3,2017-10-29T12:50:47.000Z,0.000064,0x9778550d76b07ac9f5e57392f68ecdf6efc1774e,sell,0x419d0d8bdd9af5e606ae2232ed285aff190e711b,0xcd2cdedc699f8fb0d6db6987df7318bf85543700f979b31f12faf08090c2bf68
227,52497.334,3.359829376,0xfa45c6991a2c3d74ada3a279e21135133ce3da8a,2017-10-29T12:50:10.000Z,0.000064,0x9778550d76b07ac9f5e57392f68ecdf6efc1774e,sell,0x419d0d8bdd9af5e606ae2232ed285aff190e711b,0x61018719a6eed347ccf028093404d7a0943ed473f9beaccc671446df9db7f809
228,3231.395,0.2071324195,0x1fdf047bf7a114b37e7936d01e9cad754ad18803,2017-10-29T12:50:10.000Z,0.0000641,0x9778550d76b07ac9f5e57392f68ecdf6efc1774e,sell,0x419d0d8bdd9af5e606ae2232ed285aff190e711b,0x284c281d7aa5baae51c8409c6c4329bcaa6ea78cf82a6a166916d55c0e623a18
229,18079.98538121,1.15711906439744,0xfa45c6991a2c3d74ada3a279e21135133ce3da8a,2017-10-29T11:48:09.000Z,0.000064,0xbcc8cf77b7b48429730fd5f029206743071a40bf,sell,0x419d0d8bdd9af5e606ae2232ed285aff190e711b,0x66f50e6071be61fefca16500783889492cf1bdfc23a831ae9a5e85ed0a6bc15d
230,0.35888744,0.00002440434592,0xa3c55cdef38319e613f7b0593b224448944a9b1d,2017-10-29T06:32:22.000Z,0.000068,0x09e9b8dc8e5b595bc22633fa07516729b0f8f78f,sell,0x419d0d8bdd9af5e606ae2232ed285aff190e711b,0x71deffef25da75056ba24f3c7d007d9a521a0d3d68cfb75162b21298f04e0cbd
231,4929.71787458,0.33522081547144,0xa3c55cdef38319e613f7b0593b224448944a9b1d,2017-10-29T06:22:21.000Z,0.000068,0xd455698844768e7539978891f6242e58c3dc9459,sell,0x419d0d8bdd9af5e606ae2232ed285aff190e711b,0xff2596ccfee5efc41af9945ced1743cc8f79f25505b0e19d8608e1222d524165
232,1500.79453693,0.09605085036352,0xfa45c6991a2c3d74ada3a279e21135133ce3da8a,2017-10-29T02:29:12.000Z,0.000064,0x241f3fe431dc9d4169365d6a72a9c34257bbd3f1,sell,0x419d0d8bdd9af5e606ae2232ed285aff190e711b,0xefc3e12f52e2838568a59012ae55e91cb37c1314958ef52f360e3ea9d6bda16c
233,7975.2766424,0.5104177051136,0xfa45c6991a2c3d74ada3a279e21135133ce3da8a,2017-10-29T02:15:25.000Z,0.000064,0xa36334b0909ab194b9ddb9689bfde7f6b2332220,sell,0x419d0d8bdd9af5e606ae2232ed285aff190e711b,0xff7069c5d859c1ad71c6ac25aaa74a073b285c8b421a38fb8a4d54eecd065a83
234,0.29824503,0.000019117506423,0x1fdf047bf7a114b37e7936d01e9cad754ad18803,2017-10-29T01:26:21.000Z,0.0000641,0xd5d299c4bc8b09015e5d5784743e2e64de0f9fe3,sell,0x419d0d8bdd9af5e606ae2232ed285aff190e711b,0x9e06e52ba2458ef7d5609664b1fd85cbe560fa8f0f9c5932a58bd5205a293878
235,2991.69574319,0.1917976140959109,0x5524662fa37df94a7c1c8bb7bcf001defb00f57d,2017-10-29T01:24:39.000Z,0.00006411,0xd5d299c4bc8b09015e5d5784743e2e64de0f9fe3,sell,0x419d0d8bdd9af5e606ae2232ed285aff190e711b,0x4632d1eceed8895e494f04ce28ba6f65bf1bd4f6bd0d21dc9d4a55f8064e5a7c
236,2173.83886205,0.139343071057405,0x1fdf047bf7a114b37e7936d01e9cad754ad18803,2017-10-29T00:20:07.000Z,0.0000641,0xf6fb7a4de4bf4bc746783abc63000b0148dac855,sell,0x419d0d8bdd9af5e606ae2232ed285aff190e711b,0x212e15506bc7e55be02abc190920f1526a0f554c55c3bdaa0231f912205a6717
237,7.04225352,0.0005,0x34f9560c63078eb61872a4dc2ccd20e21c34feaf,2017-10-28T20:35:50.000Z,0.00007100000001136,0x4c8981d5b40c7e7a62baee91faf0249a284086c2,buy,0x419d0d8bdd9af5e606ae2232ed285aff190e711b,0x64841dc2dae7be95f28e9a97a9e0e615690d48595787c206d783bc96e4dc87b3
238,7.04225352,0.0005,0xe444a40689f51f63bcd29910622035707d533d29,2017-10-28T20:33:53.000Z,0.00007100000001136,0x4c8981d5b40c7e7a62baee91faf0249a284086c2,buy,0x419d0d8bdd9af5e606ae2232ed285aff190e711b,0x217690955339b8565968d7106e4c4f40a3087ca824aea9de65c3fe990c00fc60
239,5981.4574818,0.38341142458338,0x1fdf047bf7a114b37e7936d01e9cad754ad18803,2017-10-28T19:50:11.000Z,0.0000641,0xa2b16e3b6b64771396c925e61fefd851e757e38e,sell,0x419d0d8bdd9af5e606ae2232ed285aff190e711b,0x978b8a9ee67b5c1e69539aa0b9024ab7f46710ad3b9ed12215f4199a4941b546
240,3018.51429958,0.19318491517312,0xfa45c6991a2c3d74ada3a279e21135133ce3da8a,2017-10-28T17:17:39.000Z,0.000064,0x1ed014aec47fae44c9e55bac7662c0b78ae61798,sell,0x419d0d8bdd9af5e606ae2232ed285aff190e711b,0x83a1fbddf2c62196012471ade35ed43828e454bc614b3dc075cf9e21528c6b13
241,61666.53234798,4.624989926098867,0xc99408202d62fde704bf81c147ecdd80949bec6f,2017-10-28T15:00:18.000Z,0.00007500000000000596,0xf131fce10896761334ab338ed9b5af64122b4297,buy,0x419d0d8bdd9af5e606ae2232ed285aff190e711b,0x5bc7dc8c55d89bee63c3e01ee39c9f96e05250af50f61570315860b90f6fd7f8
242,1854.5628894,0.1186920249216,0xfa45c6991a2c3d74ada3a279e21135133ce3da8a,2017-10-28T12:18:41.000Z,0.000064,0x2818820241f5c241a2db62496e0a6e4fe95265c7,sell,0x419d0d8bdd9af5e606ae2232ed285aff190e711b,0xc9903800ed994aa7024ece2280d029bc2d0131d23b380d200fa764fc298efb69
243,21568.096,1.446981992544,0xfa45c6991a2c3d74ada3a279e21135133ce3da8a,2017-10-28T10:07:32.000Z,0.000067089,0xc7b8674ecfa7b34b100a994fa55b1bcf1455e9f9,buy,0x419d0d8bdd9af5e606ae2232ed285aff190e711b,0xaabd775b7a20338ab7469d4b5fc465c3a6d94f7d5f3cbb35fd57fdf611d583db
244,2654.65756155,0.16459142347366154,0xfa45c6991a2c3d74ada3a279e21135133ce3da8a,2017-10-27T21:23:58.000Z,0.000062001,0x4d04a8e3608636dcdb4b0a85c81ca16fbcfff762,sell,0x419d0d8bdd9af5e606ae2232ed285aff190e711b,0x4875309c459b53812bf344d02d7a5732aa55e653fa658fcf04f978f8caf79dfe
245,19499.99999999,1.2585299999999395,0xff4482de17e729e19d75d70fc005f2e4ba75905f,2017-10-27T21:06:20.000Z,0.00006454000000003,0x00eb59d8d94684a24c12252d51bc18477579189a,buy,0x419d0d8bdd9af5e606ae2232ed285aff190e711b,0x4a333c67ccd72f4c8490ddeab955c938ad7c44538b059a44ab6391e0421c89e0
246,500,0.03227,0xdbc2b2caccf143b0d2fca3086ed4d87b70009808,2017-10-27T21:04:48.000Z,0.00006454,0x00eb59d8d94684a24c12252d51bc18477579189a,buy,0x419d0d8bdd9af5e606ae2232ed285aff190e711b,0xe78faa6118a125a1357e33beee48ce65188670da7352a6e9e714b6cd6e12c58c
247,6946.48198599,0.4476312991777827,0xbcc8cf77b7b48429730fd5f029206743071a40bf,2017-10-27T21:02:36.000Z,0.00006444000000008451,0x1dfcac7871f9854814c7e25e7631a299b477873e,buy,0x419d0d8bdd9af5e606ae2232ed285aff190e711b,0xa9273e2a4e0225310f6b600ecedcf608cb74ec64fcc8c3788e43db8b26e91afd
248,43602.61106934,2.809752257308761,0xff4482de17e729e19d75d70fc005f2e4ba75905f,2017-10-27T20:45:06.000Z,0.00006444000000001128,0x1dfcac7871f9854814c7e25e7631a299b477873e,buy,0x419d0d8bdd9af5e606ae2232ed285aff190e711b,0x3d0b010ef9d535d1e3021dc2e4014d42f51bb250a117b047495b6f767e892503
249,7462.5,0.4808835,0x624091038337315d1984c3e2f01e3297818adf8f,2017-10-27T19:02:02.000Z,0.00006444,0xbcc8cf77b7b48429730fd5f029206743071a40bf,sell,0x419d0d8bdd9af5e606ae2232ed285aff190e711b,0xa99e715bf85dda815fa78c82ae1ae060b4eaf11039c5149ef988dcd704a7a2ce
250,1.23792612,0.00007675265736612,0xfa45c6991a2c3d74ada3a279e21135133ce3da8a,2017-10-27T18:57:10.000Z,0.000062001,0x60eecc833227210f927c8b5848a33f48d0d8ff1e,sell,0x419d0d8bdd9af5e606ae2232ed285aff190e711b,0x4baa09f866b75ca85e0852af852394d8e348f610d761c02d87a3ee529796bada
251,12417.63695437,0.7699059088078943,0xfa45c6991a2c3d74ada3a279e21135133ce3da8a,2017-10-27T18:55:12.000Z,0.000062001,0x60eecc833227210f927c8b5848a33f48d0d8ff1e,sell,0x419d0d8bdd9af5e606ae2232ed285aff190e711b,0x66427b93e701df0e350a010869c04520fe142d5210a595012b9e65ecff0a975d
252,1.41959924,0.00008801515288,0x061e130573532f9a84d83e5276ebd8d0fed00cfe,2017-10-27T17:04:03.000Z,0.000062,0x939248c057992a444c842909c3459689a80bc6dd,sell,0x419d0d8bdd9af5e606ae2232ed285aff190e711b,0xf7846a8f1f9d7c0f11ded3686e0ce3405f384b36c4442bc4c2accbb94d8a8ba8
253,1423.58688066,0.08826238660092,0x061e130573532f9a84d83e5276ebd8d0fed00cfe,2017-10-27T16:50:32.000Z,0.000062,0x206751daf683e30fa8175f3ac1bb45a5c80b2213,sell,0x419d0d8bdd9af5e606ae2232ed285aff190e711b,0x3632210721508e594186a0fb747083652870b97dd3d290bbfb7baec50ef429ab
254,18974.95962516,1.17644749675992,0x061e130573532f9a84d83e5276ebd8d0fed00cfe,2017-10-27T14:38:03.000Z,0.000062,0x6bad391397f5f6047d3b6752576ee1a4ae3d2927,sell,0x419d0d8bdd9af5e606ae2232ed285aff190e711b,0xd5b64bee8c7d6e907a6625c14c564454e0a694cd44cecf3162109d60b690e0fb
255,800,0.0504,0x7b04d867086e3bba630e5030180a3338d9eead23,2017-10-27T14:34:29.000Z,0.000063,0x6bad391397f5f6047d3b6752576ee1a4ae3d2927,sell,0x419d0d8bdd9af5e606ae2232ed285aff190e711b,0x6e7be66367d53bf328eb0e95c8adfa22b603a32d8565d2b89099b2ac5af646e2
256,71862.41292688,4.45546960146656,0x061e130573532f9a84d83e5276ebd8d0fed00cfe,2017-10-27T13:45:23.000Z,0.000062,0xced732ca92cb4f040239c4e8c85f14acbb5db000,sell,0x419d0d8bdd9af5e606ae2232ed285aff190e711b,0x83925a968eb9e5e34e6b824255b6c906b9177aae545753cbba1dc43986428b1d
257,16374.23,1.0549916389,0x9db81f3235c5e3823547178165a24f1d81fa5cb3,2017-10-27T12:25:34.000Z,0.00006443,0xced732ca92cb4f040239c4e8c85f14acbb5db000,buy,0x419d0d8bdd9af5e606ae2232ed285aff190e711b,0x6001d87b856340cc9b9f49ec56cece79ae791cfffbd6eeed161f8c2dd8a51954
258,2770.13542351,0.17174839625762,0x061e130573532f9a84d83e5276ebd8d0fed00cfe,2017-10-27T11:04:29.000Z,0.000062,0xb7d954ce552b320b4998546e4d3e3c3b7d6de0c1,sell,0x419d0d8bdd9af5e606ae2232ed285aff190e711b,0x0f3662a9928c4683c2a4910f0af929962de9eb22898ef2f0c1deb70778f0982b
259,2352.134,0.1521830698,0xdf7db12ba0a2f3116b4432f5d00c6d493e948534,2017-10-27T09:19:57.000Z,0.0000647,0xfddd5d907592b596bae6da6ec5b27fb8ff6686be,buy,0x419d0d8bdd9af5e606ae2232ed285aff190e711b,0x5af963600b4d16e587ffe50b2bb11dc09ee2a0f75e04d7789b5382472537b096
260,7500,0.4749,0xa36334b0909ab194b9ddb9689bfde7f6b2332220,2017-10-27T04:13:19.000Z,0.00006332,0xced732ca92cb4f040239c4e8c85f14acbb5db000,buy,0x419d0d8bdd9af5e606ae2232ed285aff190e711b,0xf4fb9cf63073c95efe5347caad5d0ae38742e7dc515cd2ff3dc5fa54d2fa3a6b
261,500,0.03235,0x265fe558fc9f3a4460850bb9b0b85206145e6de2,2017-10-26T20:06:38.000Z,0.0000647,0xfddd5d907592b596bae6da6ec5b27fb8ff6686be,buy,0x419d0d8bdd9af5e606ae2232ed285aff190e711b,0x2b163c9303a621219d9b9314acd83113b1f256b68f025475e833850c8c16f58d
262,8000,0.5176,0x4cabcbee52099d9d0013191795ed04f35beef0e7,2017-10-26T19:44:58.000Z,0.0000647,0xfddd5d907592b596bae6da6ec5b27fb8ff6686be,buy,0x419d0d8bdd9af5e606ae2232ed285aff190e711b,0xae150bcbc8572ad66708962366847761f5de7c60bc43a12b40081038ed162b63
263,6147.8658816,0.39776692254012563,0x14613abc2a672e9796a7ea19c2ac2d67ed3b159f,2017-10-26T16:22:55.000Z,0.0000647000000000985,0xfddd5d907592b596bae6da6ec5b27fb8ff6686be,buy,0x419d0d8bdd9af5e606ae2232ed285aff190e711b,0xaf3034a3c9ce6a4e66dd7953d8ab5f8c9f205a7b6028768ed6d55da1af3a93c0
264,1467,0.086553,0x273a5d3e6721b9f5c1a6474f560c1334c63dda01,2017-10-26T15:52:20.000Z,0.000059,0x3d0d217074fa119d0225efa72ab866e2f2e9636f,buy,0x419d0d8bdd9af5e606ae2232ed285aff190e711b,0x5105665f797d1876cb7c1eec04cf8bada7baa88240440495512163f179e92af8
265,1462.599,0.088643737593,0x65a83820d3a8cd3c72e1b7f8b9e95c1571f0b062,2017-10-26T15:52:20.000Z,0.000060607,0x273a5d3e6721b9f5c1a6474f560c1334c63dda01,sell,0x419d0d8bdd9af5e606ae2232ed285aff190e711b,0x5105665f797d1876cb7c1eec04cf8bada7baa88240440495512163f179e92af8
266,4984.54749995,0.3020984703294696,0x65a83820d3a8cd3c72e1b7f8b9e95c1571f0b062,2017-10-26T11:42:14.000Z,0.000060607,0x5a86ebf9a0e6f8181ed5143557f7b8ba89957fcc,sell,0x419d0d8bdd9af5e606ae2232ed285aff190e711b,0x680093a8e838ab991e940999b4eebf237323470bf66db973f33a58b26f4e15d2
267,4999.99999999,0.33410000000001683,0x956dc60c714883c17a7d0828d2178d51c5e377e1,2017-10-26T09:10:40.000Z,0.00006682000000013702,0xbcc8cf77b7b48429730fd5f029206743071a40bf,buy,0x419d0d8bdd9af5e606ae2232ed285aff190e711b,0xe51b02ede93ec0fc4af64ec96cf56d8dcab9e55c4ceb7c046b36596006922fdf
268,467.31880835,0.0315299999993745,0x3d0d217074fa119d0225efa72ab866e2f2e9636f,2017-10-26T07:14:20.000Z,0.00006747,0xced732ca92cb4f040239c4e8c85f14acbb5db000,sell,0x419d0d8bdd9af5e606ae2232ed285aff190e711b,0x893eb63ca1f6d69a127db01bf7a280f4e844c0a9145be204c329fb85bf49fdee
269,1000,0.06747,0x3d0d217074fa119d0225efa72ab866e2f2e9636f,2017-10-26T07:14:03.000Z,0.00006747,0xced732ca92cb4f040239c4e8c85f14acbb5db000,sell,0x419d0d8bdd9af5e606ae2232ed285aff190e711b,0x6b39db3605d62259246d1f09f527b2aa21fa81b4c3e0753cd819b03658a97ce9
270,957.9978699,0.0580613769010293,0x65a83820d3a8cd3c72e1b7f8b9e95c1571f0b062,2017-10-26T05:29:34.000Z,0.000060607,0x7e826e85cba4d3aaaa1b484f53be01d10f527fd6,sell,0x419d0d8bdd9af5e606ae2232ed285aff190e711b,0xa5db49196033ea0eabeba460e093105eefa1feba4898cc68b45b761a674c182a
271,21568.09600177,1.3154381751479522,0xc7b8674ecfa7b34b100a994fa55b1bcf1455e9f9,2017-10-26T05:28:03.000Z,0.00006099,0x7e826e85cba4d3aaaa1b484f53be01d10f527fd6,sell,0x419d0d8bdd9af5e606ae2232ed285aff190e711b,0x8526552a9e3f8423ed37eaedf64fc4cb5368d8c9e52e5cd7b6976c0267e7e989
272,2012.3617014,0.1227540637854,0xf0a3f086d10a5c4da599ea234958d70bba98126a,2017-10-26T05:26:54.000Z,0.000061,0x7e826e85cba4d3aaaa1b484f53be01d10f527fd6,sell,0x419d0d8bdd9af5e606ae2232ed285aff190e711b,0xd522f7c43ccafe303df67f080d92806664685dc2dce9f59f9ceb96db8d3a2a06
273,700,0.043435,0x6e1f291b9358214d1c2e12f266e1e15775bd12bc,2017-10-26T05:26:47.000Z,0.00006205,0x7e826e85cba4d3aaaa1b484f53be01d10f527fd6,sell,0x419d0d8bdd9af5e606ae2232ed285aff190e711b,0x26eb2db1f7cd6eeaa815a33b5af492cdd30b68ad0982579ac7896553ed35b538
274,130,0.00879502,0xdab7546f3c041f6849c4d30660d14fa66b56ede8,2017-10-26T02:31:09.000Z,0.000067654,0x1dfcac7871f9854814c7e25e7631a299b477873e,buy,0x419d0d8bdd9af5e606ae2232ed285aff190e711b,0x7247f9362a76d1dd98a4205dde2f785bacfd1fdb22f9f67ce40fb54d6d4be54e
275,3987.6382986,0.2432459362146,0xf0a3f086d10a5c4da599ea234958d70bba98126a,2017-10-26T02:06:20.000Z,0.000061,0x92aab96db541e3a376aa901e73cce70a2de041b8,sell,0x419d0d8bdd9af5e606ae2232ed285aff190e711b,0x207fbc53be65f57a12f42d2b616912972fc8928912ac723b4a07babdcb35b44b
276,13913.66763034,0.8432656540720164,0x65a83820d3a8cd3c72e1b7f8b9e95c1571f0b062,2017-10-25T19:38:38.000Z,0.000060607,0x4ad64328076e1220333a82a4e602b1aaddd215e3,sell,0x419d0d8bdd9af5e606ae2232ed285aff190e711b,0xc589a7c0ad11cef2b6a1def94ddbbd8431caa2b1503e1680f6aa021f3df00fb8
277,18.99999999,0.001284020000000486,0xba7e1c0a3a34549f1c00b31c7d832139ee0104d3,2017-10-25T14:48:51.000Z,0.000067580000035594,0xbcc8cf77b7b48429730fd5f029206743071a40bf,buy,0x419d0d8bdd9af5e606ae2232ed285aff190e711b,0xe60f73f9bf39d95136b7656bde71a9e1a35bb82429aa9d23a11b5d53389513b8
278,25314.26673957,1.650490191419964,0x7e826e85cba4d3aaaa1b484f53be01d10f527fd6,2017-10-25T14:01:05.000Z,0.0000652,0x9778550d76b07ac9f5e57392f68ecdf6efc1774e,sell,0x419d0d8bdd9af5e606ae2232ed285aff190e711b,0xc9420da0df690768207d7442f9a4fa812dcee21c6ddf966e580f26673c9b6159
279,1999.99999999,0.1361400000000548,0xba367fa4cc5c7119f9a7512f49909f8726aa5bf1,2017-10-25T04:53:00.000Z,0.00006807000000036775,0xbcc8cf77b7b48429730fd5f029206743071a40bf,buy,0x419d0d8bdd9af5e606ae2232ed285aff190e711b,0x11db8773cb8c8f88e6c422a61a5ab0aca30c3cd044d4e60fcc25736b1189e25b
280,1999.99999999,0.13746000000000902,0x0c5719fba3a34b524ae668cb51c5e2ce0e1ead14,2017-10-25T01:44:10.000Z,0.00006873000000034817,0xbcc8cf77b7b48429730fd5f029206743071a40bf,buy,0x419d0d8bdd9af5e606ae2232ed285aff190e711b,0x4c93d1929472bd814e90fbe4ba6206457eb14b9d8475fc7f6b552a4faf4dbe95
281,49.99999999,0.003436500000000225,0x6f45cf56760ed1a988d7d845687adb01d6c42e86,2017-10-25T01:42:41.000Z,0.0000687300000137505,0xbcc8cf77b7b48429730fd5f029206743071a40bf,buy,0x419d0d8bdd9af5e606ae2232ed285aff190e711b,0x626518cb545fcabff65cefd76b074864b077e3d30df66a6c125dd31862dabb98
282,2499.99999999,0.17182500000001127,0x0c5719fba3a34b524ae668cb51c5e2ce0e1ead14,2017-10-25T01:41:29.000Z,0.00006873000000027943,0xbcc8cf77b7b48429730fd5f029206743071a40bf,buy,0x419d0d8bdd9af5e606ae2232ed285aff190e711b,0x15a5171822d1605e37d457af53edc53534e581e8bb104e41023d39d637c0206a
283,8518.34266853,0.546877599319626,0x492842125e4c3a7d10cda0e0291ea22788e4ad60,2017-10-24T22:56:53.000Z,0.0000642,0xbcc8cf77b7b48429730fd5f029206743071a40bf,sell,0x419d0d8bdd9af5e606ae2232ed285aff190e711b,0x0916898c41c31181e8596ad9e5123143b0b0bffa35d6ae901a9df29d6d189e62
284,927.34575714,0.059535597608388,0x492842125e4c3a7d10cda0e0291ea22788e4ad60,2017-10-24T22:13:52.000Z,0.0000642,0x635d589ee087a32964a2e06a58d2b9f3cc4ae3be,sell,0x419d0d8bdd9af5e606ae2232ed285aff190e711b,0x4f7170a13ded7f1542dfe4eff0f1ee7e3e41120dac249d9fa9cf5b3b18ed148b
285,69.56078865,0.00466057283955,0x4004cded0f305677996b9a935b09a8186ff1843a,2017-10-24T22:10:22.000Z,0.000067,0x635d589ee087a32964a2e06a58d2b9f3cc4ae3be,sell,0x419d0d8bdd9af5e606ae2232ed285aff190e711b,0x0041b1002eb99465bf03bd42e534d99f20ab1a427267fd026297dd8eea7ca74a
286,5728.486,0.4072953546,0x6f45cf56760ed1a988d7d845687adb01d6c42e86,2017-10-24T22:02:43.000Z,0.0000711,0xfddd5d907592b596bae6da6ec5b27fb8ff6686be,buy,0x419d0d8bdd9af5e606ae2232ed285aff190e711b,0x5c8dd81e5892492e4f7a12cff1b7a6c16e252d12e1cd6740d377474c75a7b1da
287,20000,1.3684605,0xc5007e1ccfdd60b66b6bdcd5a7d60892f20b8f2d,2017-10-24T22:01:13.000Z,0.000068423025,0x00eb59d8d94684a24c12252d51bc18477579189a,buy,0x419d0d8bdd9af5e606ae2232ed285aff190e711b,0x34e93a52eb56e1d7ba4c9cdc83c4f437d287dd385a5c396bbbb92e6e81708bb0
288,747.96046143,0.050262943008096,0x323262b4cb587153649303f9b562f9483b45d76d,2017-10-24T19:46:41.000Z,0.0000672,0xebb0675cfe28419e7d9a196560745f2dba603539,sell,0x419d0d8bdd9af5e606ae2232ed285aff190e711b,0x70e9a2f8a767567e746c418f6a6ec232fa6b5d094f7f55066779d4117918ea0a
289,12269.68651254,0.8098851976332277,0xdfab9b6074ca611462c9d5f47f39a1d05d6988f9,2017-10-24T19:45:57.000Z,0.000066007,0xebb0675cfe28419e7d9a196560745f2dba603539,sell,0x419d0d8bdd9af5e606ae2232ed285aff190e711b,0xe9d8a6f1c24e2f194ade5061c75a3baecb2e64c8c60ae17b05d26034425d3956
290,2934.71772393,0.19371191280344752,0xdfab9b6074ca611462c9d5f47f39a1d05d6988f9,2017-10-24T19:20:12.000Z,0.000066007,0xa18644bd5fbc6700687f0fc9d303bcf7ad32010d,sell,0x419d0d8bdd9af5e606ae2232ed285aff190e711b,0x965c899585612643a20c54e72958e0010995926834a60b50d2660b35a1085d33
291,22.5,0.00159975,0x1fc682b94c2ce503834f89f33566f55aecc71a47,2017-10-24T19:11:58.000Z,0.0000711,0xebb0675cfe28419e7d9a196560745f2dba603539,sell,0x419d0d8bdd9af5e606ae2232ed285aff190e711b,0xb98843a8aeaa1b7e42c69193a30e0ca598f04e6371742402bb466ac1ba423414
292,5385.40906588,0.37693151229715005,0x00eb59d8d94684a24c12252d51bc18477579189a,2017-10-24T16:55:30.000Z,0.00006999125000276238,0xbcc8cf77b7b48429730fd5f029206743071a40bf,sell,0x419d0d8bdd9af5e606ae2232ed285aff190e711b,0x3e8b8865baf3f05469f3482c8e7d4bd5c297b949d82e9dd796576060ca434907
293,3219.40900999,0.24467202631790233,0x00eb59d8d94684a24c12252d51bc18477579189a,2017-10-24T16:54:25.000Z,0.00007599904999913705,0xd445f61ebca3d6b4c57eef1f39fdab6595ef8972,sell,0x419d0d8bdd9af5e606ae2232ed285aff190e711b,0x24f76bc5cf1bee27d70cab22b737aba3104c6cf70c67691583ea1e0c9f0654d6
294,1765.201199,0.13415361418133767,0x00eb59d8d94684a24c12252d51bc18477579189a,2017-10-24T16:54:25.000Z,0.00007599904999913705,0x5ae933bfbbaa04c3e05ae56295138174ada9799c,sell,0x419d0d8bdd9af5e606ae2232ed285aff190e711b,0x9b6dd626ca37248b26f9dc37c27171b5dcef2dfa1b32c9ee96ccc56e06fd74ba
295,1770.51273722,0.12112869429071944,0x5ae933bfbbaa04c3e05ae56295138174ada9799c,2017-10-24T16:54:25.000Z,0.00006841447211552494,0x00eb59d8d94684a24c12252d51bc18477579189a,buy,0x419d0d8bdd9af5e606ae2232ed285aff190e711b,0x9b6dd626ca37248b26f9dc37c27171b5dcef2dfa1b32c9ee96ccc56e06fd74ba
296,3229.09629889,0.2209169186992124,0xd445f61ebca3d6b4c57eef1f39fdab6595ef8972,2017-10-24T16:54:25.000Z,0.00006841447211566668,0x00eb59d8d94684a24c12252d51bc18477579189a,buy,0x419d0d8bdd9af5e606ae2232ed285aff190e711b,0x24f76bc5cf1bee27d70cab22b737aba3104c6cf70c67691583ea1e0c9f0654d6
297,19999.99999999,1.7270827289991364,0x00eb59d8d94684a24c12252d51bc18477579189a,2017-10-24T16:53:05.000Z,0.00008635413644999999,0xd445f61ebca3d6b4c57eef1f39fdab6595ef8972,sell,0x419d0d8bdd9af5e606ae2232ed285aff190e711b,0x91d9ae7830552286dee3f61b44a3c6046da8f7e49a518867d744596c254779bd
298,20060.18054162,1.4463390170511534,0xd445f61ebca3d6b4c57eef1f39fdab6595ef8972,2017-10-24T16:53:05.000Z,0.00007210000000001751,0xfddd5d907592b596bae6da6ec5b27fb8ff6686be,buy,0x419d0d8bdd9af5e606ae2232ed285aff190e711b,0x91d9ae7830552286dee3f61b44a3c6046da8f7e49a518867d744596c254779bd
299,18569.20552736,1.603543743315173,0x00eb59d8d94684a24c12252d51bc18477579189a,2017-10-24T16:52:38.000Z,0.000086355,0xd445f61ebca3d6b4c57eef1f39fdab6595ef8972,sell,0x419d0d8bdd9af5e606ae2232ed285aff190e711b,0x10be480206ffc95ad9380c65f674a70b8c660818a14f73886fd5e154fc2d23de
300,18625.08076967,1.3242432427241795,0xd445f61ebca3d6b4c57eef1f39fdab6595ef8972,2017-10-24T16:52:38.000Z,0.00007110000000003448,0xfddd5d907592b596bae6da6ec5b27fb8ff6686be,buy,0x419d0d8bdd9af5e606ae2232ed285aff190e711b,0x10be480206ffc95ad9380c65f674a70b8c660818a14f73886fd5e154fc2d23de
301,1430.79447263,0.12355625668396365,0x00eb59d8d94684a24c12252d51bc18477579189a,2017-10-24T16:52:38.000Z,0.000086355,0x5ae933bfbbaa04c3e05ae56295138174ada9799c,sell,0x419d0d8bdd9af5e606ae2232ed285aff190e711b,0x9d590586958722eb57a04f4a7846b56b72c0679e1f2f1225f9024a25b3bec5c0
302,1435.09977194,0.10203559378564499,0x5ae933bfbbaa04c3e05ae56295138174ada9799c,2017-10-24T16:52:38.000Z,0.00007110000000049542,0xfddd5d907592b596bae6da6ec5b27fb8ff6686be,buy,0x419d0d8bdd9af5e606ae2232ed285aff190e711b,0x9d590586958722eb57a04f4a7846b56b72c0679e1f2f1225f9024a25b3bec5c0
303,4477.5,0.31835025,0x1fc682b94c2ce503834f89f33566f55aecc71a47,2017-10-24T15:07:51.000Z,0.0000711,0xbcc8cf77b7b48429730fd5f029206743071a40bf,sell,0x419d0d8bdd9af5e606ae2232ed285aff190e711b,0x408c5309e7595de07c308a414f8e85c5288aeb4356a29c42dcbc52d6007c6579
304,14795.59576353,0.9766128895633247,0xdfab9b6074ca611462c9d5f47f39a1d05d6988f9,2017-10-24T14:35:41.000Z,0.000066007,0xbcc8cf77b7b48429730fd5f029206743071a40bf,sell,0x419d0d8bdd9af5e606ae2232ed285aff190e711b,0xb5c00811fd638e65ea223ec36d4f00fdaaad5b4c560a82a067f47faf1b0de390
305,18706.28099999,1.3305777675306825,0x0654dd52577f34b0efa3cd09c2fb54dec4408df6,2017-10-24T13:24:07.000Z,0.0000711300000000745,0xbcc8cf77b7b48429730fd5f029206743071a40bf,buy,0x419d0d8bdd9af5e606ae2232ed285aff190e711b,0x0dfa0f8ea0da9e9809d1a37be45b2fd4dc40cfc97db24da365f4dfcfd20559fa
306,4460.28499999,0.3009939751093695,0x0654dd52577f34b0efa3cd09c2fb54dec4408df6,2017-10-24T13:22:42.000Z,0.00006748312610293833,0x00eb59d8d94684a24c12252d51bc18477579189a,buy,0x419d0d8bdd9af5e606ae2232ed285aff190e711b,0x7c440df42e65969dd83a3f9a055df0347aa1db33b8a9e8af566b0ae1f774573a
307,599.99999999,0.040489875661672226,0x0b00cb7d7247b77f828360ac1af6826b01e667cb,2017-10-24T12:17:51.000Z,0.00006748312610391175,0x00eb59d8d94684a24c12252d51bc18477579189a,buy,0x419d0d8bdd9af5e606ae2232ed285aff190e711b,0xdc2554b6137761cf5c71bb827f4914153d98a11603cb3b65e2e0f3e1a8817f63
308,192.0586644,0.012960719069046231,0xbac4a6daf3b21723984dd35c4bcdc3eb51cbff62,2017-10-24T11:31:46.000Z,0.00006748312610387095,0x00eb59d8d94684a24c12252d51bc18477579189a,buy,0x419d0d8bdd9af5e606ae2232ed285aff190e711b,0x0ebe831cae9cce23a9abbbabf7503b971139607f4494f22c891d7b8226dbd177
309,132.96630018,0.008972981602750629,0xbac4a6daf3b21723984dd35c4bcdc3eb51cbff62,2017-10-24T09:41:31.000Z,0.00006748312610491278,0x00eb59d8d94684a24c12252d51bc18477579189a,buy,0x419d0d8bdd9af5e606ae2232ed285aff190e711b,0xfb2c162ac5ba26858b923842ac25ce1218b0746113dd546bd38ab5ea3c36d71a
310,499.99999999,0.03374156305139352,0xaca41f3b6f18ecbf7c049cbeb31470cd1ddc5efe,2017-10-24T08:11:55.000Z,0.0000674831261041367,0x00eb59d8d94684a24c12252d51bc18477579189a,buy,0x419d0d8bdd9af5e606ae2232ed285aff190e711b,0xd3e23ac9bebac207d86a990d4785de4adc4a52adf4807635449aa9c12f0d5146
311,13842.59693982,0.92745399496794,0x4004cded0f305677996b9a935b09a8186ff1843a,2017-10-24T06:49:17.000Z,0.000067,0xbcc8cf77b7b48429730fd5f029206743071a40bf,sell,0x419d0d8bdd9af5e606ae2232ed285aff190e711b,0x20cbc8d085fa85f84229d7e36333ab5e25110121341495bf5172d001b2530627
312,1463,0.098021,0x4004cded0f305677996b9a935b09a8186ff1843a,2017-10-24T06:36:31.000Z,0.000067,0x3dee4a4e076e8d82859d241db0baf46f112cfa23,buy,0x419d0d8bdd9af5e606ae2232ed285aff190e711b,0xae2ae9fd2edd052dc1438ac591e03ecaeeb38a1ae86b2043d0b9a52ab119f9a0
313,300,0.01995,0xe87e18facabcdbb76c04609d8083b11e2c82ed08,2017-10-24T05:27:22.000Z,0.0000665,0x3dee4a4e076e8d82859d241db0baf46f112cfa23,sell,0x419d0d8bdd9af5e606ae2232ed285aff190e711b,0xf7b5a32f30678eb73fae4a3a174c5dab528fb344cf11596a73c6674591c20852
314,118.22892109,0.007978457191550412,0xbac4a6daf3b21723984dd35c4bcdc3eb51cbff62,2017-10-24T03:13:14.000Z,0.00006748312610817898,0x00eb59d8d94684a24c12252d51bc18477579189a,buy,0x419d0d8bdd9af5e606ae2232ed285aff190e711b,0x3570d8aaad29c1329e139d0656cedf3ec122010587ff97d2d3407b0755fff4fa
315,6003.539,0.3849288165,0x00eb59d8d94684a24c12252d51bc18477579189a,2017-10-24T02:33:39.000Z,0.000064116984415359,0x3dee4a4e076e8d82859d241db0baf46f112cfa23,sell,0x419d0d8bdd9af5e606ae2232ed285aff190e711b,0x08c1676901cc4141ed6972bcd65a71796b8a0ba47441fc5710426a689460dba6
316,10000,0.749,0x541ea757f2d106eeeb8ddca70ca1310ae760eb54,2017-10-24T02:13:55.000Z,0.0000749,0x492842125e4c3a7d10cda0e0291ea22788e4ad60,buy,0x419d0d8bdd9af5e606ae2232ed285aff190e711b,0x1c5435b897d66716bb9251342a379ab831e2e6d10ab58fa8d64bbe2d2700c544
317,6003.53899999,0.4051882278742967,0x541ea757f2d106eeeb8ddca70ca1310ae760eb54,2017-10-24T02:10:02.000Z,0.0000674915625391909,0x00eb59d8d94684a24c12252d51bc18477579189a,buy,0x419d0d8bdd9af5e606ae2232ed285aff190e711b,0x25e95ffb676f366574404993f0d784f4f3cf6bedee6c3bec72a4c670245a2534
318,6000,0.4048987565,0x541ea757f2d106eeeb8ddca70ca1310ae760eb54,2017-10-24T02:07:38.000Z,0.00006748312608333333,0x00eb59d8d94684a24c12252d51bc18477579189a,buy,0x419d0d8bdd9af5e606ae2232ed285aff190e711b,0xf37bf93920b66e6271fc333b584f5192549f518ffd658b2e8c978f3837857cc0
319,393.297219,0.02644923797842801,0xadc2b6934278e379c0bcabfccca5d042b02578b4,2017-10-24T01:51:13.000Z,0.0000672500000017239,0xbcc8cf77b7b48429730fd5f029206743071a40bf,buy,0x419d0d8bdd9af5e606ae2232ed285aff190e711b,0xadf8156a5fc803a239425f25a35da63d1bc16598a51be9677f519ba4d3cdbdac
320,7499.99999999,0.5061867190430887,0xb5ad093d513b91856aa8c76405657f67b68a0f62,2017-10-23T21:46:03.000Z,0.00006749156253916847,0x00eb59d8d94684a24c12252d51bc18477579189a,buy,0x419d0d8bdd9af5e606ae2232ed285aff190e711b,0x35539209f9c0b599375ffd320c9b561f4a6fb8286e6b3ba242e7e12c553b4b93
321,7784.80791359,0.4757918900627936,0x3dee4a4e076e8d82859d241db0baf46f112cfa23,2017-10-23T20:54:28.000Z,0.000061118,0x7aeaed65ddb7990f28b91fef567b3ec1b99465ee,sell,0x419d0d8bdd9af5e606ae2232ed285aff190e711b,0xb7aaf5f32f71aa077f843b881b03c9ddc43db2765886b754a9a091afa2f514ce
322,496.46077655,0.03183554729626875,0x00eb59d8d94684a24c12252d51bc18477579189a,2017-10-23T20:50:26.000Z,0.000064125,0x7aeaed65ddb7990f28b91fef567b3ec1b99465ee,sell,0x419d0d8bdd9af5e606ae2232ed285aff190e711b,0x1b2b8fa735176175c00bb866c24ea2b41e35d90760886b965dfd255fbca92f24
323,589.341,0.037062476808,0xce13c8e11791fc770aaf191fb13c78eec2fb3c16,2017-10-23T20:50:26.000Z,0.000062888,0x7aeaed65ddb7990f28b91fef567b3ec1b99465ee,sell,0x419d0d8bdd9af5e606ae2232ed285aff190e711b,0x5eeb284c1fc097715344a2e7e321072c53030c1dc8a4b9db6557bb0c76519879
324,6000,0.3847019064,0x00eb59d8d94684a24c12252d51bc18477579189a,2017-10-23T20:50:26.000Z,0.0000641169844,0x7aeaed65ddb7990f28b91fef567b3ec1b99465ee,sell,0x419d0d8bdd9af5e606ae2232ed285aff190e711b,0x7da428530149d7a66cf67b381b40630f9c13d0db1b0d03782f5dffdaeba5e993
325,10000,0.6112,0x492842125e4c3a7d10cda0e0291ea22788e4ad60,2017-10-23T20:50:26.000Z,0.00006112,0x7aeaed65ddb7990f28b91fef567b3ec1b99465ee,sell,0x419d0d8bdd9af5e606ae2232ed285aff190e711b,0x780d2e7001ef1c65da9bb613d486378281720a1b9de4c0166da4e3f7f912022f
326,5999.99999999,0.4049493752344709,0xa2b16e3b6b64771396c925e61fefd851e757e38e,2017-10-23T20:29:50.000Z,0.00006749156253919096,0x00eb59d8d94684a24c12252d51bc18477579189a,buy,0x419d0d8bdd9af5e606ae2232ed285aff190e711b,0x774cec2b7b62a38f3f77ce9ac121f7dbc204382595df945e099b0b742b205542
327,19503.53922345,1.2506644527037312,0x00eb59d8d94684a24c12252d51bc18477579189a,2017-10-23T19:09:40.000Z,0.000064125,0x8f1f8f8ae3e00536ab798e9d8ce007dca50b378d,sell,0x419d0d8bdd9af5e606ae2232ed285aff190e711b,0x6fb3c8f3bc08092040466117ffecc5d9e321407b562152228b1bb0f00c2e8475
328,47330.712,3.207933667224,0xc99408202d62fde704bf81c147ecdd80949bec6f,2017-10-23T19:01:21.000Z,0.000067777,0x1dfcac7871f9854814c7e25e7631a299b477873e,buy,0x419d0d8bdd9af5e606ae2232ed285aff190e711b,0xa7c3610ba135938776e1991dc8a46f479a70f9658a1b302e36809f94f8ae498e
329,954,0.0644904,0xc99408202d62fde704bf81c147ecdd80949bec6f,2017-10-23T18:59:33.000Z,0.0000676,0x8d71cd37bc1c715f6d4e9b5d68aa17a8b42cac87,buy,0x419d0d8bdd9af5e606ae2232ed285aff190e711b,0xff87c15fd3f9630125d0a98999d13eb67c79becb296d8ba42f392b74e03e3d2f
330,20000,1.35,0xc99408202d62fde704bf81c147ecdd80949bec6f,2017-10-23T18:59:07.000Z,0.0000675,0x00eb59d8d94684a24c12252d51bc18477579189a,buy,0x419d0d8bdd9af5e606ae2232ed285aff190e711b,0x8a16631520bace8af860f9fca23f75e9d6eb249c4fd7e9d4e8808f75c03914cb
331,10000,0.677,0xf69d03a69b316538b6eafcd2b10b21235529a2bc,2017-10-23T18:22:20.000Z,0.0000677,0x492842125e4c3a7d10cda0e0291ea22788e4ad60,buy,0x419d0d8bdd9af5e606ae2232ed285aff190e711b,0x786ae9204bba17cc26ac45ce0a3c9960a929d802d26cf77e24496412351a26e8
332,2920,0.197392,0xa6592a06d94e35e983b48ba2627bdc46000c9240,2017-10-23T13:23:04.000Z,0.0000676,0x8d71cd37bc1c715f6d4e9b5d68aa17a8b42cac87,buy,0x419d0d8bdd9af5e606ae2232ed285aff190e711b,0x28044a4b81988b6a7bfc8c1f104c6658d5b3138c5a3a70af76b3783027f79668
333,7409.66458173,0.4659789862158362,0xce13c8e11791fc770aaf191fb13c78eec2fb3c16,2017-10-23T10:06:54.000Z,0.000062888,0x9778550d76b07ac9f5e57392f68ecdf6efc1774e,sell,0x419d0d8bdd9af5e606ae2232ed285aff190e711b,0xc9f84e6c581215cc3a12dd0bdb6c7a199a1b82ac896533f6868f1d18ca277ccb
334,2300,0.1449,0xd98a3954353055ab642c9159c7f3b25dac2dc29b,2017-10-23T10:05:54.000Z,0.000063,0x9778550d76b07ac9f5e57392f68ecdf6efc1774e,sell,0x419d0d8bdd9af5e606ae2232ed285aff190e711b,0xe6dc3c852afe05129a34a939562d197ff9dafea3e201f795e119e7626d0dcd4d
335,0.99412903,0.00006251878643864,0xce13c8e11791fc770aaf191fb13c78eec2fb3c16,2017-10-23T07:32:19.000Z,0.000062888,0xff4914386c4ff36f738ba21b61cfe33892fc2a88,sell,0x419d0d8bdd9af5e606ae2232ed285aff190e711b,0x1de36637cf4f59fe8f72fde56858590609c14177ebc492d93f2fd5aa7d708bd3
336,7577.93857105,0.4715144937678731,0x1dfcac7871f9854814c7e25e7631a299b477873e,2017-10-23T07:15:36.000Z,0.000062222,0x53a403b21b932cd99a7b4fd433600a7a545199fb,sell,0x419d0d8bdd9af5e606ae2232ed285aff190e711b,0xdd90e87450dcdbe9a724cd772bc7aaba819034f239b8770854cb09ad6b314d8e
337,21767.52777814,1.3544191134114272,0x1dfcac7871f9854814c7e25e7631a299b477873e,2017-10-23T07:11:43.000Z,0.000062222,0xbcc8cf77b7b48429730fd5f029206743071a40bf,sell,0x419d0d8bdd9af5e606ae2232ed285aff190e711b,0xb01cc6221a399f5d4770980064e28bdcc1b16c7a9ad5521a5ee533f616fefec5
338,14.75426767,0.001,0x4a57d0208164a1c1c63c75395dc444428a07b50a,2017-10-23T05:20:03.000Z,0.0000677770000088388,0x1dfcac7871f9854814c7e25e7631a299b477873e,buy,0x419d0d8bdd9af5e606ae2232ed285aff190e711b,0xd3295f7890cb631c5c7e951ba32b29a16498e18a3779b8a057ab20d03c3e51ba
339,40000,2.71108,0xf732b16f5aee6cd2db5b30a7a3860764a48b19ff,2017-10-23T04:06:26.000Z,0.000067777,0x1dfcac7871f9854814c7e25e7631a299b477873e,buy,0x419d0d8bdd9af5e606ae2232ed285aff190e711b,0xe4c2b151fa179e4016aece90493349240fdc1aa5292db019cd29db0ebf7f8c28
340,0.99690958,0.00006092313825296,0xff4914386c4ff36f738ba21b61cfe33892fc2a88,2017-10-23T03:52:08.000Z,0.000061112,0x7d053385a05276eedcaf706325ae34ae544741a6,sell,0x419d0d8bdd9af5e606ae2232ed285aff190e711b,0xb82f736235b0033f7931f2f9dca460a4a9b9e23e47b06fd804e4f1cf38ffeb90
341,2000,0.135554,0xa75fcdf436c9713b3757819f1fb235918749c3ba,2017-10-23T02:06:15.000Z,0.000067777,0x1dfcac7871f9854814c7e25e7631a299b477873e,buy,0x419d0d8bdd9af5e606ae2232ed285aff190e711b,0x8302e870a847c99ffa057cb9f6b598353d7bbf75b00cfee34a5f393cfa380433
342,60398.403,3.7145017845,0xff4914386c4ff36f738ba21b61cfe33892fc2a88,2017-10-23T01:36:27.000Z,0.0000615,0xf131fce10896761334ab338ed9b5af64122b4297,sell,0x419d0d8bdd9af5e606ae2232ed285aff190e711b,0x078a229ce50622314c0030321fe1a175e7f4338233c4ed21b8a99f656577fd10
343,50000,3,0x8c16c8fe98a50b515cf8268090bcb8886b241908,2017-10-23T01:34:59.000Z,0.00006,0xf131fce10896761334ab338ed9b5af64122b4297,sell,0x419d0d8bdd9af5e606ae2232ed285aff190e711b,0xc0800b8b1cd79fb344a328e0f51af47695b8af5291de4e73b8f4c90de2285370
344,15730.236,0.94397146236,0x254fb89e4cab71708eaab16e067ca8156a38e18a,2017-10-23T01:34:39.000Z,0.00006001,0xf131fce10896761334ab338ed9b5af64122b4297,sell,0x419d0d8bdd9af5e606ae2232ed285aff190e711b,0x82444f7f1cc82bf3f8ecf83d71a36547396955e96d015fa4b01a6d660cbe8a19
345,1100,0.06622,0x2badd9e217f7677a765cadd949dcf0cf9a6c6e90,2017-10-23T01:34:32.000Z,0.0000602,0xf131fce10896761334ab338ed9b5af64122b4297,sell,0x419d0d8bdd9af5e606ae2232ed285aff190e711b,0xf16f3ca1ef9093c44b6adde73ed204c9c1864d541cb8e5fb3f767fea8dd04083
346,106600,6.5026,0xff4914386c4ff36f738ba21b61cfe33892fc2a88,2017-10-23T01:34:32.000Z,0.000061,0xf131fce10896761334ab338ed9b5af64122b4297,sell,0x419d0d8bdd9af5e606ae2232ed285aff190e711b,0x3802315354b617914c64e4e4f6a0050ae39ced474129646fceac43712cb265c8
347,22435.376,1.3799999777604444,0xbcc8cf77b7b48429730fd5f029206743071a40bf,2017-10-23T01:34:32.000Z,0.0000615100000000198,0xf131fce10896761334ab338ed9b5af64122b4297,sell,0x419d0d8bdd9af5e606ae2232ed285aff190e711b,0x8e96af9476c9607c59b6189e113743ab77d7191c3285c77705c9766faa8d2d9d
348,10000,0.603,0x492842125e4c3a7d10cda0e0291ea22788e4ad60,2017-10-23T01:34:32.000Z,0.0000603,0xf131fce10896761334ab338ed9b5af64122b4297,sell,0x419d0d8bdd9af5e606ae2232ed285aff190e711b,0x3f66e365f5f51acd8cebe7cadf6de9dd802b33c564b0ade1e04add1763364c14
349,60000,3.79998,0x1dfcac7871f9854814c7e25e7631a299b477873e,2017-10-23T01:33:57.000Z,0.000063333,0xf131fce10896761334ab338ed9b5af64122b4297,sell,0x419d0d8bdd9af5e606ae2232ed285aff190e711b,0x0bea281f81d269de21e7e24b333c18b2648dc87631136a90624c1db2aa907df3
350,1332.43703677,0.09115797649846176,0x65631244cd98374f082f3e1b4a9dc05046214b22,2017-10-22T23:47:10.000Z,0.0000684144721160262,0x00eb59d8d94684a24c12252d51bc18477579189a,buy,0x419d0d8bdd9af5e606ae2232ed285aff190e711b,0xcf5f7adb38b5ea3de692d0524139bdfbe5db68a04cf8f577c343be91788dea37
351,40975.583,2.731678216278,0x40039054689b6f6714a1a0c9da7f8330f1b25c0c,2017-10-22T23:33:29.000Z,0.000066666,0x1dfcac7871f9854814c7e25e7631a299b477873e,buy,0x419d0d8bdd9af5e606ae2232ed285aff190e711b,0xf8b383dcd574df821cb500840a244ffd45fda98e313837aac4da94a0d9ddf166
352,400,0.0266664,0x40039054689b6f6714a1a0c9da7f8330f1b25c0c,2017-10-22T23:30:23.000Z,0.000066666,0xa5f282efd8db8c66dc5dcfb5ab3bfccb2637d783,buy,0x419d0d8bdd9af5e606ae2232ed285aff190e711b,0x0da1f9fceae9469755165ca9d4d65ca67abecb6226205203ec750e7f76d48093
353,6521.83830126,0.39457121722623,0xff4914386c4ff36f738ba21b61cfe33892fc2a88,2017-10-22T23:26:10.000Z,0.0000605,0x9082353a874f343940ab69583d008c0f9ae63ed3,sell,0x419d0d8bdd9af5e606ae2232ed285aff190e711b,0xeeb45c57e405798ddce4ef80f77860df74b43d22cd5a95c218816a88ecdcf165
354,199.38191606,0.012029368956222797,0x53a403b21b932cd99a7b4fd433600a7a545199fb,2017-10-22T20:54:41.000Z,0.0000603333,0xaf2ba6da710c9e7ba780ae6e1bac6485b8313296,sell,0x419d0d8bdd9af5e606ae2232ed285aff190e711b,0xdd15f8ed1d3b38c3b53b4f344a09034c215ec012ac4c1c5ea3096764637e3cd2
355,3320.05366824,0.22133469784711923,0x2ab3a5c3a46cfa6e3a419debc508fcd8f955e63e,2017-10-22T18:24:44.000Z,0.00006666600000006969,0x1dfcac7871f9854814c7e25e7631a299b477873e,buy,0x419d0d8bdd9af5e606ae2232ed285aff190e711b,0xf3c9c6de63b83cf806c0a73d405c8937948322d62ce6f135004bb364145b350d
356,1,0.000066666,0xe1fa699860444be91d366c21de8fef56e3dec77a,2017-10-22T18:22:41.000Z,0.000066666,0x1dfcac7871f9854814c7e25e7631a299b477873e,buy,0x419d0d8bdd9af5e606ae2232ed285aff190e711b,0x82a53c989bf0965fc94d9aa3ab6940aa2a59fd4447c8faaa02aa8470a2965dd1
357,3323.69448681,0.49855417302166294,0x02ac166e592c219d3a412135e37953340abf1f3e,2017-10-22T18:01:52.000Z,0.00015000000000004902,0xe146142131ba3daa2751d0346df4e381711c411b,buy,0x419d0d8bdd9af5e606ae2232ed285aff190e711b,0x81e9220d2f440b0d06da6aa8307bd5541ad38bc8149c6c539c4ffc852e066e95
358,3874.35719975,0.1550130315619975,0x8d71cd37bc1c715f6d4e9b5d68aa17a8b42cac87,2017-10-22T11:12:25.000Z,0.00004001,0x4d517d272ce8d879d8891518e70153b49d2cdb96,sell,0x419d0d8bdd9af5e606ae2232ed285aff190e711b,0x939e061d10a8ff97cb039a23008c9f007716955d2d40312399c5c0e69e22792f
359,2850,0.15675,0x4c8981d5b40c7e7a62baee91faf0249a284086c2,2017-10-22T11:11:45.000Z,0.000055,0x4d517d272ce8d879d8891518e70153b49d2cdb96,sell,0x419d0d8bdd9af5e606ae2232ed285aff190e711b,0xfb117ee7575467100cb46799ae8fe8d1d0b105b736db8d1564897eb832e3ee25
360,2843.45891224,0.1608260360762944,0x695f7ca2b214b12912a8f74ab689907666cad96c,2017-10-22T11:11:42.000Z,0.00005656,0x4d517d272ce8d879d8891518e70153b49d2cdb96,sell,0x419d0d8bdd9af5e606ae2232ed285aff190e711b,0xf3832f775c1a5a7de4cca5602a0a08c4df2e2144e2774cad5370718d8c619ac6
361,3500,0.233331,0x1549fca6e9a20d919f590930d08a3646420dc27c,2017-10-22T04:20:50.000Z,0.000066666,0x1dfcac7871f9854814c7e25e7631a299b477873e,buy,0x419d0d8bdd9af5e606ae2232ed285aff190e711b,0x7dae000d72c46bb07c949b8c5613ce55af3aa99577a4f612b98b0e770bcf4763
362,4269.76373242,0.2562285215825242,0x254fb89e4cab71708eaab16e067ca8156a38e18a,2017-10-22T03:51:45.000Z,0.00006001,0xf84899cfe0cebc5bca951cb878314f9f0c35d675,sell,0x419d0d8bdd9af5e606ae2232ed285aff190e711b,0x1033ff040440c8132a6ec57bd31bed2bf21710bb374d3bc2d509f74821e5ba05
363,20237.57099999,1.3799999664900702,0x426b0d11aa13312b0637d5409de2cd84e264d9d9,2017-10-22T00:43:42.000Z,0.00006819000000003716,0xbcc8cf77b7b48429730fd5f029206743071a40bf,buy,0x419d0d8bdd9af5e606ae2232ed285aff190e711b,0x14b015e5d3402953ca33acff659683e0b77448f1562c7c4b2629c71b52f024f0
364,1850,0.15725,0x354d526a569ce8c8de4e1c495b58cfc105dda885,2017-10-21T23:45:39.000Z,0.000085,0x4c8981d5b40c7e7a62baee91faf0249a284086c2,buy,0x419d0d8bdd9af5e606ae2232ed285aff190e711b,0xa4dd70cbf8b3089a89eff36e8adc361be02bc2fc5e7528be65ff2c85d93f53ed
365,2156.54108776,0.1219739639237056,0x695f7ca2b214b12912a8f74ab689907666cad96c,2017-10-21T21:15:37.000Z,0.00005656,0xc770cf32ac774ab29bd3dc429bc3579ee8c3852c,sell,0x419d0d8bdd9af5e606ae2232ed285aff190e711b,0x7d10ff615438f444b068963d5479302101e52f15572926e8cca9db6228ec19c5
366,2870,0.19550153,0xfb4a448bf15750b0aa46b592a3c75503b917efc5,2017-10-21T20:52:16.000Z,0.000068119,0xc770cf32ac774ab29bd3dc429bc3579ee8c3852c,buy,0x419d0d8bdd9af5e606ae2232ed285aff190e711b,0x0036d40d94d5f6a80737b0bb6cb80f44bbfb90e178f86c7232a3634e5b785a25
367,23003.83397232,1.38,0xbcc8cf77b7b48429730fd5f029206743071a40bf,2017-10-21T20:32:37.000Z,0.00005999000000002274,0xf131fce10896761334ab338ed9b5af64122b4297,sell,0x419d0d8bdd9af5e606ae2232ed285aff190e711b,0xf1c1be1c70e4a146d09937143222269310a4aee915f1290108314d473dc5c19e
368,5000,0.3023,0x695f7ca2b214b12912a8f74ab689907666cad96c,2017-10-21T20:32:26.000Z,0.00006046,0xf131fce10896761334ab338ed9b5af64122b4297,sell,0x419d0d8bdd9af5e606ae2232ed285aff190e711b,0x67f88584cd1471fdf8ac4b52de8a8bcfd7a65101779c11550e86e46f88825657
369,64.422,0.003994292844,0x2fd290debb4bb121fad58d3003d002a9e8076d42,2017-10-21T20:32:26.000Z,0.000062002,0xf131fce10896761334ab338ed9b5af64122b4297,sell,0x419d0d8bdd9af5e606ae2232ed285aff190e711b,0xe0f7cf2357f3de3625b89a586a093821c91b4741ccb6bd6e4baae46e4f154e66
370,1000,0.06,0xc109f54175ba9e43df802f458ecb68dceb673b01,2017-10-21T20:31:40.000Z,0.00006,0xf131fce10896761334ab338ed9b5af64122b4297,sell,0x419d0d8bdd9af5e606ae2232ed285aff190e711b,0x8cbddfe33d508b46866eab8b71157875c382784d9f4f150289d10303a6d4119b
371,3000,0.18,0x2b8d5964860c6aebf881fd6b89bfc6cf361c7247,2017-10-21T20:31:15.000Z,0.00006,0xf131fce10896761334ab338ed9b5af64122b4297,sell,0x419d0d8bdd9af5e606ae2232ed285aff190e711b,0x0f28abfe67d5e24ba4879a295de73deba807dc7698db07bde144e39995d9c10d
372,450,0.02781,0x6e1f291b9358214d1c2e12f266e1e15775bd12bc,2017-10-21T20:31:12.000Z,0.0000618,0xf131fce10896761334ab338ed9b5af64122b4297,sell,0x419d0d8bdd9af5e606ae2232ed285aff190e711b,0xd1081cd27fd3c262eb9d4a2d3856657a744636eab80d506561883822bd531cb7
373,24150,1.4598675,0xafb0c967efd9448d06fe5e156e5299c8a6ffdf0a,2017-10-21T20:31:12.000Z,0.00006045,0xf131fce10896761334ab338ed9b5af64122b4297,sell,0x419d0d8bdd9af5e606ae2232ed285aff190e711b,0x834bf03277f16bf622edd2b2af1067c41544b0535af4f005e1e446be21f35e80
