,amount,amountBase,buyer,date,price,seller,side,tokenAddr,txHash
0,200,0.00879,0x8d5ebdf9d7107bd8c63e490fe616d4b89184807c,2017-11-02T15:48:44.000Z,0.00004395,0x442edd20fdaf8d00adb4a94665a1b2edfad915ef,buy,0x90c88ccd74e57e016acae8ad1eaa12ecf4c06f33,0xf18fcb48499224c6cf2b6cc1e76316003664e3f02660329b3ad387c8278a14ef
1,10660,0.411476,0x0c2ae92df868ad8002b061e067f522cce458378c,2017-11-02T15:48:01.000Z,0.0000386,0x8d5ebdf9d7107bd8c63e490fe616d4b89184807c,sell,0x90c88ccd74e57e016acae8ad1eaa12ecf4c06f33,0xd9d301f5dc9920f28bdb99b6e9fe09e91bb5a0cab9db7e7970a9a402085f57ec
2,2486,0.08703486,0xd314afc687d5f22ea6f05564875aa67432e15d27,2017-11-02T15:40:13.000Z,0.00003501,0xd92ce5941305b7cf1e5cc5713b93db2b651a4fdf,sell,0x90c88ccd74e57e016acae8ad1eaa12ecf4c06f33,0xb17967a5eea2cce19f6b3fc3cebf9b182526c6225570f87514a88c2ba21637c5
3,947.1114703452507,0.04167290469519103,0xfdf7c01650ea64dae1496d7be373af4c060d13a7,2017-11-02T15:18:17.000Z,0.000044,0x5b47d6648e6db8e7f543ad21b548d98a45c3f925,buy,0x90c88ccd74e57e016acae8ad1eaa12ecf4c06f33,0x0e14f684583c42fb4c4988baa5d3b7b3568b64a3388ad4c6b4c42560d8b8bcb7
4,0.9297894373557156,0.000037191577494228,0x8c89d729dfc93b84c539b34bece8910f6e663821,2017-11-02T15:11:06.000Z,0.00003999999999999932,0x573ec53b8fcb60e6f20eec96c8045933dd169a4c,sell,0x90c88ccd74e57e016acae8ad1eaa12ecf4c06f33,0xe27c3989df1b6f6ebd310daf987c4d30fbc40767f6c77a194d76a841c00dae17
5,2000,0.088,0x36c02d72d2534a2bfe7b135d0888ccb6f62827b6,2017-11-02T15:06:04.000Z,0.000044,0x5b47d6648e6db8e7f543ad21b548d98a45c3f925,buy,0x90c88ccd74e57e016acae8ad1eaa12ecf4c06f33,0xf2d04f49b1bb750da3fc6ca7553ae33c2a19739fbcb8a17f27db0d4c3c6f7bf7
6,3211.991276423618,0.14437900787524163,0xf0cc14c08842bfb575473f95e3c08dc20ba147d5,2017-11-02T15:03:33.000Z,0.00004495,0xd45927654fa17cad6b21472c76d825672b59c0c3,buy,0x90c88ccd74e57e016acae8ad1eaa12ecf4c06f33,0xea269ed338ded26f84128f27b60a04a19dae1662e3d80e779f8b6f9fed123d23
7,19985,0.898305765,0xf0cc14c08842bfb575473f95e3c08dc20ba147d5,2017-11-02T15:00:16.000Z,0.000044949,0x36ac32b737afb8c3f35056fd8ea1e68cff54208f,buy,0x90c88ccd74e57e016acae8ad1eaa12ecf4c06f33,0x8869bf90761a494afb96603dec6581f7c1629b0717302b31c88aeb9fe1d363fb
8,9969.632464755992,0.3549189157453133,0xf94abf832057eca9973ded003e1a818875f842a4,2017-11-02T14:54:34.000Z,0.00003559999999999999,0x1fabd314bb4f78f3d8860371e9042540dc1bf3c1,sell,0x90c88ccd74e57e016acae8ad1eaa12ecf4c06f33,0x3a50875e68cbadd92b7ac6e003c7351e9ad2f67738c2fce6fb1ed0ba39daf2f4
9,3312,0.11794032,0x2fc1d5f371a7455e66df5c959b7169b48cd2ec09,2017-11-02T14:53:01.000Z,0.00003561,0x3bd98a960e72dbe72bf8c2026f7d6057c9311f76,buy,0x90c88ccd74e57e016acae8ad1eaa12ecf4c06f33,0x8a374c502a094723c8502644ca7f5b3079c635b76dc20385536311f290c5e895
10,9326.717846115183,0.33212442250016166,0xc31e6dc679b23e89b1ba562717b54d4b5c5c8fec,2017-11-02T14:52:27.000Z,0.00003560999999999999,0x573ec53b8fcb60e6f20eec96c8045933dd169a4c,sell,0x90c88ccd74e57e016acae8ad1eaa12ecf4c06f33,0x3ce99cdb87bf92f4347ca0ec08e4e57bb300f65167b149896460b7d29b894cfb
11,5000,0.185,0x5b47d6648e6db8e7f543ad21b548d98a45c3f925,2017-11-02T14:50:28.000Z,0.000037,0x36ac32b737afb8c3f35056fd8ea1e68cff54208f,sell,0x90c88ccd74e57e016acae8ad1eaa12ecf4c06f33,0xb87f0921b36320e517cafdc295a2360e53c41f707e27a8fc1aa96af0c4bd528f
12,5135,0.1925625,0x2fc1d5f371a7455e66df5c959b7169b48cd2ec09,2017-11-02T14:50:11.000Z,0.0000375,0xed07d8ea19ff3393bc5f84612540f8570152fec9,buy,0x90c88ccd74e57e016acae8ad1eaa12ecf4c06f33,0xd83f68b8210739de1eb7a7d236423b77bb3535dace641af8b0e9fc3a48b22b91
13,10000,0.40005,0x36ac32b737afb8c3f35056fd8ea1e68cff54208f,2017-11-02T14:48:22.000Z,0.000040005,0xed07d8ea19ff3393bc5f84612540f8570152fec9,buy,0x90c88ccd74e57e016acae8ad1eaa12ecf4c06f33,0x9b537b3307fa48640df292f64feeb31209d60289667e48bd7a3b6e9c697a8fbd
14,5000,0.200025,0xfc3d5c2f5af0ad6a7661c96d88813d60ea58b6a0,2017-11-02T14:47:14.000Z,0.000040005,0xed07d8ea19ff3393bc5f84612540f8570152fec9,buy,0x90c88ccd74e57e016acae8ad1eaa12ecf4c06f33,0x3bf70c5e7b0fae3381f24474d2bfdb9241a9518d52c18249f5cec9e115a0eb88
15,15000,0.600075,0x36ac32b737afb8c3f35056fd8ea1e68cff54208f,2017-11-02T14:44:48.000Z,0.000040005,0x573ec53b8fcb60e6f20eec96c8045933dd169a4c,sell,0x90c88ccd74e57e016acae8ad1eaa12ecf4c06f33,0x93cdc9992a5066a28bfbf9727bf322a83da34b12c5189c21ba64a45326763d0a
16,1100,0.05478,0xe747d54cebaaeb258280f61ab90b64580fe3f424,2017-11-02T14:33:39.000Z,0.0000498,0x573ec53b8fcb60e6f20eec96c8045933dd169a4c,buy,0x90c88ccd74e57e016acae8ad1eaa12ecf4c06f33,0xa929ba1c0f79344c00e34418d7a13af1e73186d2ba64862b6782cee11b9baa24
17,3000,0.149997,0xc9b8269ba0bdccc665d21709bd46df2476764dac,2017-11-02T14:29:43.000Z,0.000049999,0xd31fef7b65f64c15000ca8d24a7832846d6d65df,buy,0x90c88ccd74e57e016acae8ad1eaa12ecf4c06f33,0xe1597fca4201257cb085a58931363782a298f24566fad244a9c771fe675bdbbb
18,3506.186,0.1753093,0xf0cc14c08842bfb575473f95e3c08dc20ba147d5,2017-11-02T14:22:39.000Z,0.00005,0xd314afc687d5f22ea6f05564875aa67432e15d27,buy,0x90c88ccd74e57e016acae8ad1eaa12ecf4c06f33,0x527ac4d7ba852cec711ad9641df34c8f61611625b01b1fed671761da04c4c8ac
19,3300,0.165,0xf0cc14c08842bfb575473f95e3c08dc20ba147d5,2017-11-02T14:22:26.000Z,0.00005,0xa3da20fc52a94e817ef723c44c84851fb05fe3fe,buy,0x90c88ccd74e57e016acae8ad1eaa12ecf4c06f33,0x90ded577e11fc19f02f33780da04fe9982565575603705ada51d66a0bf5931b4
20,1512,0.0756,0xf0cc14c08842bfb575473f95e3c08dc20ba147d5,2017-11-02T14:21:22.000Z,0.00005,0xf7ad633dafe13782e5edaeb45c3a14899acc0b4e,buy,0x90c88ccd74e57e016acae8ad1eaa12ecf4c06f33,0x3d42765080656b122eadd5cdd3b615148efc01e1e205e2b5fd7fbb18ac58cb7a
21,4500,0.216,0xf0cc14c08842bfb575473f95e3c08dc20ba147d5,2017-11-02T14:21:18.000Z,0.000048,0x4a42f8134bc67bcaeb8dee1e5aad82d85290c419,buy,0x90c88ccd74e57e016acae8ad1eaa12ecf4c06f33,0x581f916c1f3cf4a4bdfb1d6fb7dda447fa22e36b9b35fc246106d430ce3a935c
22,5000,0.24,0xf0cc14c08842bfb575473f95e3c08dc20ba147d5,2017-11-02T14:20:38.000Z,0.000048,0xd31fef7b65f64c15000ca8d24a7832846d6d65df,buy,0x90c88ccd74e57e016acae8ad1eaa12ecf4c06f33,0xec26aa85ddc3041f0a2e565451f46dd1a056beee44f6c715d5a7a09ec27f0f5a
23,960,0.04608,0xf0cc14c08842bfb575473f95e3c08dc20ba147d5,2017-11-02T14:20:28.000Z,0.000048,0xd66b1474d039b0964decc0bda5ec4e99ce9e9c09,buy,0x90c88ccd74e57e016acae8ad1eaa12ecf4c06f33,0xad987395bdb1c285370a6ce574563ac319443c3ae0905b117a434eba13408ae4
24,2285.16,0.09826188,0xf0cc14c08842bfb575473f95e3c08dc20ba147d5,2017-11-02T14:20:16.000Z,0.000043,0x17fbc5cd4b576e8947df8582dbd4f8055c3735d6,buy,0x90c88ccd74e57e016acae8ad1eaa12ecf4c06f33,0x2e52a2c2844219ef453953ad126fd52f8fa81f8dd8c022036012a7fec29419c8
25,2729.104920804058,0.1086183758480015,0xf0cc14c08842bfb575473f95e3c08dc20ba147d5,2017-11-02T14:20:03.000Z,0.0000398,0xdd55aed1e7c65ea79b650269ce4d3a0ef5449b8e,buy,0x90c88ccd74e57e016acae8ad1eaa12ecf4c06f33,0x609feb82cf26f4b8f896bd5846adbb32211004ba17773be6cac40412c3847398
26,3312,0.13241376,0xf0cc14c08842bfb575473f95e3c08dc20ba147d5,2017-11-02T14:20:03.000Z,0.00003998,0x1dd4d1f2bc0a2bb1d64671d8a4ae50436329a5d7,buy,0x90c88ccd74e57e016acae8ad1eaa12ecf4c06f33,0x40b2a32485024939300ce1210ec9bbe75cd1e789cd735bccf36198c0693ccb45
27,2142,0.0850374,0xf0cc14c08842bfb575473f95e3c08dc20ba147d5,2017-11-02T14:19:50.000Z,0.0000397,0xe7ac4b81e00ec85d1ddd448fd7b640d62bb2e7c4,buy,0x90c88ccd74e57e016acae8ad1eaa12ecf4c06f33,0x7bacc481f678df5b57b99b21802625f2fec0e2fd938918e9bacd77693b33d73c
28,5000,0.1975,0xf0cc14c08842bfb575473f95e3c08dc20ba147d5,2017-11-02T14:19:20.000Z,0.0000395,0xdd55aed1e7c65ea79b650269ce4d3a0ef5449b8e,buy,0x90c88ccd74e57e016acae8ad1eaa12ecf4c06f33,0x071cecce28e77209f31ffc3641c13b9983b41a8f32a0ff7ab0ebd450c9990445
29,3988,0.157526,0x5efdca26e7cbb98c4f23a46d7a724c6c9148d0cf,2017-11-02T14:16:08.000Z,0.0000395,0xdd55aed1e7c65ea79b650269ce4d3a0ef5449b8e,buy,0x90c88ccd74e57e016acae8ad1eaa12ecf4c06f33,0xc27c46f18def075cc825d4ff2d3b46e1ba9a5518c6b241455168124a23530b58
30,370,0.014689,0x9624fae12c24bcdade48cbb10e50fd662bf2f9f9,2017-11-02T14:07:32.000Z,0.0000397,0xe7ac4b81e00ec85d1ddd448fd7b640d62bb2e7c4,buy,0x90c88ccd74e57e016acae8ad1eaa12ecf4c06f33,0x04cf5667f7c1be11a3eed62b650dea9b68faf771064dee36850115f14b2b72b3
31,800,0.03176,0x9e8696a3bafbcf1eb4329e11eb423c8f33977be4,2017-11-02T14:06:30.000Z,0.0000397,0xe7ac4b81e00ec85d1ddd448fd7b640d62bb2e7c4,buy,0x90c88ccd74e57e016acae8ad1eaa12ecf4c06f33,0x3bd1b105b55ac065fe2409a8155104de0cda09d2c37279acc12649806e1fe6ef
32,470.89507919594155,0.018741624151998475,0x34d4ecd77d6378ebdda1c62a38881e4587109181,2017-11-02T14:06:24.000Z,0.0000398,0xdd55aed1e7c65ea79b650269ce4d3a0ef5449b8e,buy,0x90c88ccd74e57e016acae8ad1eaa12ecf4c06f33,0xe78d81ca81940cd571838da2cfad973f3bb07a881db73a831281286c96af1495
33,10001.764,0.40007056,0xe747d54cebaaeb258280f61ab90b64580fe3f424,2017-11-02T14:05:00.000Z,0.00004,0xafc092e6fdd10f28d93abd00d1e427effdaad39c,buy,0x90c88ccd74e57e016acae8ad1eaa12ecf4c06f33,0xf7b84fc2bfad7ece3c4975284bba693f4b4efc0331793b2b92c29f69e643e5ee
34,2107.475,0.0836667575,0x34d4ecd77d6378ebdda1c62a38881e4587109181,2017-11-02T14:04:17.000Z,0.0000397,0x1d5bc327cb193803219e7dff74c811be184e3b01,buy,0x90c88ccd74e57e016acae8ad1eaa12ecf4c06f33,0x83a7f2045328a116ab05886786e277b6323335971d5875b6165d92b695c89606
35,8932.414,0.355501144786,0xe747d54cebaaeb258280f61ab90b64580fe3f424,2017-11-02T14:02:58.000Z,0.000039799,0x36ac32b737afb8c3f35056fd8ea1e68cff54208f,buy,0x90c88ccd74e57e016acae8ad1eaa12ecf4c06f33,0x98e6270921ca373b4644a88df9d82cc68168882250966dbf228afc85911d296e
36,8932.414,0.355501144786,0xe747d54cebaaeb258280f61ab90b64580fe3f424,2017-11-02T14:02:28.000Z,0.000039799,0x36ac32b737afb8c3f35056fd8ea1e68cff54208f,buy,0x90c88ccd74e57e016acae8ad1eaa12ecf4c06f33,0x98e6270921ca373b4644a88df9d82cc68168882250966dbf228afc85911d296e
37,420.4346930228058,0.016732880347614647,0x9624fae12c24bcdade48cbb10e50fd662bf2f9f9,2017-11-02T13:57:23.000Z,0.000039799,0x36ac32b737afb8c3f35056fd8ea1e68cff54208f,buy,0x90c88ccd74e57e016acae8ad1eaa12ecf4c06f33,0x56f15d5a54e2c6854e282de3637765544784c2ed2b39eb7ec6d50036ec7922a9
38,647.1508218974282,0.025755955560695744,0x0ae24a034fb1f4529e93c87e7a71935d453e92cf,2017-11-02T13:49:04.000Z,0.000039799,0x36ac32b737afb8c3f35056fd8ea1e68cff54208f,buy,0x90c88ccd74e57e016acae8ad1eaa12ecf4c06f33,0x7ab3971333be82aa928e52be9a75a480b537db9ab0c304ded9c959297782ded1
39,0.000000000000125631,0.000000000000000005,0xcdd8dd39bfa6582d23c1cd13e86f1d3964f2d31e,2017-11-02T13:31:23.000Z,0.00003979909417261663,0x36ac32b737afb8c3f35056fd8ea1e68cff54208f,buy,0x90c88ccd74e57e016acae8ad1eaa12ecf4c06f33,0xf795dd76292d02456c7d13ff2b179bc41e74df35258b040c5bb2ce8167d305aa
40,1900,0.07562,0xdd55aed1e7c65ea79b650269ce4d3a0ef5449b8e,2017-11-02T13:25:14.000Z,0.0000398,0xdd55aed1e7c65ea79b650269ce4d3a0ef5449b8e,buy,0x90c88ccd74e57e016acae8ad1eaa12ecf4c06f33,0xd0d64970f38e52d05d5ad82c61c3814fc99d31803aaa269c9bb49bbebe712974
41,800,0.03184,0xdd55aed1e7c65ea79b650269ce4d3a0ef5449b8e,2017-11-02T13:25:09.000Z,0.0000398,0xdd55aed1e7c65ea79b650269ce4d3a0ef5449b8e,buy,0x90c88ccd74e57e016acae8ad1eaa12ecf4c06f33,0xb9fbff6f346768bde2ea0b994c8fe81e9330a40815fd98c9632dd22ecb83e133
42,500,0.0199,0x9624fae12c24bcdade48cbb10e50fd662bf2f9f9,2017-11-02T13:15:57.000Z,0.0000398,0xdd55aed1e7c65ea79b650269ce4d3a0ef5449b8e,buy,0x90c88ccd74e57e016acae8ad1eaa12ecf4c06f33,0x585b5e430c6623b90ae806bbd55fcb0c66b1a1710cc58650d8d3edd56be7a822
43,500,0.0199,0x9624fae12c24bcdade48cbb10e50fd662bf2f9f9,2017-11-02T13:15:56.000Z,0.0000398,0xdd55aed1e7c65ea79b650269ce4d3a0ef5449b8e,buy,0x90c88ccd74e57e016acae8ad1eaa12ecf4c06f33,0x585b5e430c6623b90ae806bbd55fcb0c66b1a1710cc58650d8d3edd56be7a822
44,600,0.02388,0x36c02d72d2534a2bfe7b135d0888ccb6f62827b6,2017-11-02T13:13:00.000Z,0.0000398,0xdd55aed1e7c65ea79b650269ce4d3a0ef5449b8e,buy,0x90c88ccd74e57e016acae8ad1eaa12ecf4c06f33,0x4ac6f024fbb1921fcf1f2f8d39dde44567876cdeeb02b21bed912dcf765cb6cc
45,0.000000000000427135,0.000000000000000017,0xcdd8dd39bfa6582d23c1cd13e86f1d3964f2d31e,2017-11-02T13:08:52.000Z,0.0000398000632118651,0xdd55aed1e7c65ea79b650269ce4d3a0ef5449b8e,buy,0x90c88ccd74e57e016acae8ad1eaa12ecf4c06f33,0x32cac56954f4460de77bf20e7324c48881cb9d0349b4f72e624395a569d8a4b3
46,300,0.0102,0x5efdca26e7cbb98c4f23a46d7a724c6c9148d0cf,2017-11-02T12:43:50.000Z,0.000034,0x3f90f93a77a8fa4e30ea599a201afba69ced4d06,buy,0x90c88ccd74e57e016acae8ad1eaa12ecf4c06f33,0x0a1817d8489c9dbd2f24b7f48a62dd29cd4ce4ea708f6dacb30b3e626f3238d4
47,1489,0.04921145,0x5efdca26e7cbb98c4f23a46d7a724c6c9148d0cf,2017-11-02T12:41:37.000Z,0.00003305,0xa9234f5db7004732f615b87d2163ffcec0956d80,buy,0x90c88ccd74e57e016acae8ad1eaa12ecf4c06f33,0xfb934caf1b7cdf61bf6f55adba3939a13dc7a8006f8c24e9bfc821ee2c0d815e
48,3312,0.1096272,0x5efdca26e7cbb98c4f23a46d7a724c6c9148d0cf,2017-11-02T12:40:08.000Z,0.0000331,0x80c0b8c40d02a3e845b0f39f5f27c78da2cb6357,buy,0x90c88ccd74e57e016acae8ad1eaa12ecf4c06f33,0x64f81fee96b3b3fd821a2a487aaf11175a04788d82c2fe9e09de3d7450542e6e
49,10000,0.33,0x1fabd314bb4f78f3d8860371e9042540dc1bf3c1,2017-11-02T12:38:22.000Z,0.000033,0x653ec427aac069d11f52b60aedc826548873bf22,buy,0x90c88ccd74e57e016acae8ad1eaa12ecf4c06f33,0xbca5bcbe5352046ba1eb024037df804cab644250d9245dea6ae6d622b4077393
50,3301.7645299571327,0.10895822948858538,0xf1695582c702dd963a9abb90f1591d5bdfc22476,2017-11-02T12:34:09.000Z,0.00003299999999999999,0xbb3d24900039279dda91d1713a2f30277ade8f97,sell,0x90c88ccd74e57e016acae8ad1eaa12ecf4c06f33,0x4cc5420f9ec3496996c60aa2556b428cf4d4ef4b52924d13250f1a7dec186c75
51,1823,0.06025015,0x5efdca26e7cbb98c4f23a46d7a724c6c9148d0cf,2017-11-02T12:30:57.000Z,0.00003305,0xa9234f5db7004732f615b87d2163ffcec0956d80,buy,0x90c88ccd74e57e016acae8ad1eaa12ecf4c06f33,0xb6edfc2875dfd909ee0041ff1c1f97f2afdf78d7f27e054ae617a551a5a18b1b
52,0.3260599740201716,0.000010759979142665,0xf1695582c702dd963a9abb90f1591d5bdfc22476,2017-11-02T12:28:06.000Z,0.00003299999999999796,0xb9be8af3e2fd3b30c8361a27154a925dee072370,sell,0x90c88ccd74e57e016acae8ad1eaa12ecf4c06f33,0x716a9c0acaa8ba0ad18d7f221e832405c51ddc51446b14d1329777f16b0e33b1
53,3270.7075993963413,0.10793335078007926,0xf1695582c702dd963a9abb90f1591d5bdfc22476,2017-11-02T12:26:23.000Z,0.00003299999999999999,0xb9be8af3e2fd3b30c8361a27154a925dee072370,sell,0x90c88ccd74e57e016acae8ad1eaa12ecf4c06f33,0x9747984b05e8caa5cba7e6c47e4a96bfe8e2c20211422a62bfca1455b7e9ca5a
54,3301.7645299571327,0.10895822948858538,0xf1695582c702dd963a9abb90f1591d5bdfc22476,2017-11-02T12:08:07.000Z,0.00003299999999999999,0x1b3529cec0bd2760d2ef184b15f1b2a16e79c77e,sell,0x90c88ccd74e57e016acae8ad1eaa12ecf4c06f33,0x0adc5c212f3f72cff5f01e46e5a6595ed20f274077d2fb12b00f5c65d9c4d0e9
55,3987.638321204267,0.1315920645997408,0xf1695582c702dd963a9abb90f1591d5bdfc22476,2017-11-02T12:05:19.000Z,0.00003299999999999999,0x8cb580d049cac4d46af919eda4cfcde093c844d4,sell,0x90c88ccd74e57e016acae8ad1eaa12ecf4c06f33,0xd838c80426e9263fe9e733eddeb827295c45526e323a6fe1361da00eecec9c92
56,3301.7645299571327,0.10895822948858538,0xf1695582c702dd963a9abb90f1591d5bdfc22476,2017-11-02T12:04:41.000Z,0.00003299999999999999,0xbe662f22c7e8a840974b5a37abd01d82f23cb76a,sell,0x90c88ccd74e57e016acae8ad1eaa12ecf4c06f33,0xb5163b3f8f6a0b64f61abacc15c68e7680a46b4f438d04cde67cad7bfb5603c4
57,3.43915248318392,0.000113492031945069,0xf1695582c702dd963a9abb90f1591d5bdfc22476,2017-11-02T11:58:56.000Z,0.00003299999999999989,0xee72cd07a36d08f5fafff2214857a8221a3314be,sell,0x90c88ccd74e57e016acae8ad1eaa12ecf4c06f33,0x1dc340ba57732fff295bf4dbd29780ec7c9f3faad85c905cb23269f5ca0d0631
58,3.43915248318392,0.000113492031945069,0xf1695582c702dd963a9abb90f1591d5bdfc22476,2017-11-02T11:58:12.000Z,0.00003299999999999989,0xee72cd07a36d08f5fafff2214857a8221a3314be,sell,0x90c88ccd74e57e016acae8ad1eaa12ecf4c06f33,0x1dc340ba57732fff295bf4dbd29780ec7c9f3faad85c905cb23269f5ca0d0631
59,13.333333333333334,0.0005,0x4fda9e6bcd83af6c5cc771b5d20accc2b7720074,2017-11-02T11:54:21.000Z,0.0000375,0xb9be8af3e2fd3b30c8361a27154a925dee072370,buy,0x90c88ccd74e57e016acae8ad1eaa12ecf4c06f33,0x6ed8fb2efe6abb57d6c0a19bd27f2683dd1318f967c13d9024c2cc0ad444461f
60,1301.9639118731932,0.042964809091815374,0xf1695582c702dd963a9abb90f1591d5bdfc22476,2017-11-02T11:52:44.000Z,0.00003299999999999999,0x3b9a1e0841635d231f831a9892530732867e5c3e,sell,0x90c88ccd74e57e016acae8ad1eaa12ecf4c06f33,0x31c67c9edc527696e00615af89dd63490d90c779ca7257cb578e439e74351c42
61,2000,0.07,0xbceb22a26b1518e47eca45600cde20151ba0b3b4,2017-11-02T11:50:56.000Z,0.000035,0x3b9a1e0841635d231f831a9892530732867e5c3e,sell,0x90c88ccd74e57e016acae8ad1eaa12ecf4c06f33,0x1a3b45e9f6e7eca9bf8168f06d8aeeab5bd401004d9ef0e491534dcdb53362f8
62,13.333333333333334,0.0005,0x3075f7f189912f4f425dd7021b9c396434197477,2017-11-02T11:38:09.000Z,0.0000375,0xb9be8af3e2fd3b30c8361a27154a925dee072370,buy,0x90c88ccd74e57e016acae8ad1eaa12ecf4c06f33,0x1b8938543be6717c79cc628385f5d90bd41fbac106c0a52c57d4e7aff5e4d0f5
63,4.473121015815939,0.000183397961648453,0x442edd20fdaf8d00adb4a94665a1b2edfad915ef,2017-11-02T11:20:46.000Z,0.00004099999999999988,0x1d5321e125f6c7079a716705541c7b371ca79e69,sell,0x90c88ccd74e57e016acae8ad1eaa12ecf4c06f33,0x6a0abbb4329e69945e6319f3257ab256bf16547bf73e40a06937184d41dc8ccf
64,4.486540378863387,0.000168245264207377,0x1d5321e125f6c7079a716705541c7b371ca79e69,2017-11-02T11:20:46.000Z,0.0000375,0xb9be8af3e2fd3b30c8361a27154a925dee072370,buy,0x90c88ccd74e57e016acae8ad1eaa12ecf4c06f33,0x6a0abbb4329e69945e6319f3257ab256bf16547bf73e40a06937184d41dc8ccf
65,45396.47094008573,1.5889218793739408,0xe80eefd9eb693fdb70b3c1311eb438eedf94921b,2017-11-02T11:19:53.000Z,0.00003500099999999999,0x564109f0557b21c23681a29bee0d58f2afa4b624,sell,0x90c88ccd74e57e016acae8ad1eaa12ecf4c06f33,0xb55bbeb4fe8f17f2384c4fae469623798ed1a518d161270b06c828fee4f26020
66,8688,0.304523088,0xfc3d5c2f5af0ad6a7661c96d88813d60ea58b6a0,2017-11-02T11:19:40.000Z,0.000035051,0x564109f0557b21c23681a29bee0d58f2afa4b624,sell,0x90c88ccd74e57e016acae8ad1eaa12ecf4c06f33,0x7d6c20a7ed14bfc40b0602f62854a8d83cd1d06ff5d7aab60f96d59b8d939add
67,1522.0745777683992,0.05328783096767165,0xbc2149633eb1301f2dd14cd25e0f8542f3d44bac,2017-11-02T11:19:40.000Z,0.00003500999999999999,0x564109f0557b21c23681a29bee0d58f2afa4b624,sell,0x90c88ccd74e57e016acae8ad1eaa12ecf4c06f33,0xa944048f18c6fdbf403cc04b40b944a12af432f20dc70bbfdfc48a5720a60a44
68,6418.235,0.22495913675,0xaba13099d371a483dbf6cfd5ca654c7a3547cc74,2017-11-02T11:19:40.000Z,0.00003505,0x564109f0557b21c23681a29bee0d58f2afa4b624,sell,0x90c88ccd74e57e016acae8ad1eaa12ecf4c06f33,0xe4c73471cec64131f0e22f09063274c7f24c0fc7f787fe2aa5733f1de33e0269
69,1312,0.045986912,0xfc3d5c2f5af0ad6a7661c96d88813d60ea58b6a0,2017-11-02T11:08:15.000Z,0.000035051,0x8698327a7e55446f7558f03faaff08ab6bb45a76,sell,0x90c88ccd74e57e016acae8ad1eaa12ecf4c06f33,0x1a4f090528966b0269352833cff3377bc09884c043e68bfd9838fae5e2df0c73
70,3301.7645299571327,0.1157268467749975,0xaba13099d371a483dbf6cfd5ca654c7a3547cc74,2017-11-02T10:37:48.000Z,0.00003504999999999999,0x87deb108483b8493d5cc7bffdd2ad81b90f19044,sell,0x90c88ccd74e57e016acae8ad1eaa12ecf4c06f33,0x9048789b468f663257be6fbbc6e3bb91bf58030c72dee6d6eeade35f4651811f
71,458,0.0229,0xd314afc687d5f22ea6f05564875aa67432e15d27,2017-11-02T09:56:34.000Z,0.00005,0x47d4cdabe4a8a1fdefc554a11f397fce6c100139,buy,0x90c88ccd74e57e016acae8ad1eaa12ecf4c06f33,0x36a9c6f39dbc8839e38fce7cb5d419f56468d862a7f109a9633f88f029201a6d
72,900.6658723868086,0.031532312192262164,0xbc2149633eb1301f2dd14cd25e0f8542f3d44bac,2017-11-02T09:40:55.000Z,0.00003500999999999999,0x167b425da52a59bf2662e167af45b65e1898cdb2,sell,0x90c88ccd74e57e016acae8ad1eaa12ecf4c06f33,0xca0b451fa7b1b2e4654191c7b971e2466983d6be3db462ced83efdf5b28b3121
73,5000,0.17511,0x36ac32b737afb8c3f35056fd8ea1e68cff54208f,2017-11-02T09:40:22.000Z,0.000035022,0x167b425da52a59bf2662e167af45b65e1898cdb2,sell,0x90c88ccd74e57e016acae8ad1eaa12ecf4c06f33,0xc140bfdc794cff8a14428802059b932c1ffddfdab9b927e796875537c6d8ee61
74,89.641,0.004213127,0x3b07174592fba512424ffdd73b06c1889e194526,2017-11-02T09:40:07.000Z,0.000047,0x167b425da52a59bf2662e167af45b65e1898cdb2,sell,0x90c88ccd74e57e016acae8ad1eaa12ecf4c06f33,0x30bb9c83348feace9ac2e9b6fbb5654018d24872daddf1f4a0dde07087c21606
75,4510,0.15794471,0xaba13099d371a483dbf6cfd5ca654c7a3547cc74,2017-11-02T09:39:23.000Z,0.000035021,0x167b425da52a59bf2662e167af45b65e1898cdb2,sell,0x90c88ccd74e57e016acae8ad1eaa12ecf4c06f33,0x6c55883feab407e29f85e4990a6e15db8fe355899ccd2c6428c107946ab20c08
76,5000,0.17755,0x36ac32b737afb8c3f35056fd8ea1e68cff54208f,2017-11-02T09:38:53.000Z,0.00003551,0x167b425da52a59bf2662e167af45b65e1898cdb2,sell,0x90c88ccd74e57e016acae8ad1eaa12ecf4c06f33,0x18d7e36f9cc6d8a4cef3d4526d164dac667abe3eddf54cf4af40fda64e064768
77,10000,0.36,0xd4b8720675d9c676d492f3a11ab745b0e037fdce,2017-11-02T09:36:11.000Z,0.000036,0x167b425da52a59bf2662e167af45b65e1898cdb2,sell,0x90c88ccd74e57e016acae8ad1eaa12ecf4c06f33,0xff642e539185fb0e2ccdf5cdac0f22967460f277778aca945f26f8a8b6a77a52
78,1149.4066628920389,0.04195334319555942,0x3103fd6169573c495b79066d7c7d1994351694bb,2017-11-02T09:36:11.000Z,0.00003649999999999999,0x167b425da52a59bf2662e167af45b65e1898cdb2,sell,0x90c88ccd74e57e016acae8ad1eaa12ecf4c06f33,0x7d0c0ab25ac765b7a9fbc002b3c06918614a8847687e136645893216ade09335
79,1850.5933371079611,0.06754665680444058,0x3103fd6169573c495b79066d7c7d1994351694bb,2017-11-02T09:31:37.000Z,0.00003649999999999999,0xff6fc474f89473ddeaf5fec9dd73b94c5b863dc1,sell,0x90c88ccd74e57e016acae8ad1eaa12ecf4c06f33,0x702994c0d3d2fd15a44524640c8b2b60b50da27dccd18a8941f1d61c288da9dd
80,1200.9219384061382,0.057644265052714014,0xb99f72a8b0d3a5025ab8b2ca534973497af42899,2017-11-02T09:04:35.000Z,0.00004800000999999999,0x1d5321e125f6c7079a716705541c7b371ca79e69,sell,0x90c88ccd74e57e016acae8ad1eaa12ecf4c06f33,0x4ecd5f57bc58b96a963e53241a2f34f823c25f8f9579544821b60fea6be3e032
81,1204.5247042213566,0.05661266109840376,0x1d5321e125f6c7079a716705541c7b371ca79e69,2017-11-02T09:04:35.000Z,0.000047,0x1d5bc327cb193803219e7dff74c811be184e3b01,buy,0x90c88ccd74e57e016acae8ad1eaa12ecf4c06f33,0x4ecd5f57bc58b96a963e53241a2f34f823c25f8f9579544821b60fea6be3e032
82,2215.13308742897,0.10632641034792144,0xb99f72a8b0d3a5025ab8b2ca534973497af42899,2017-11-02T09:04:10.000Z,0.00004800000999999999,0x3103fd6169573c495b79066d7c7d1994351694bb,sell,0x90c88ccd74e57e016acae8ad1eaa12ecf4c06f33,0x61f33c082a6364d40babd47f8e04819a3fa6b5bd152e3ced65d180e264976e0a
83,0.3293322244816517,0.000015807950068441,0xb99f72a8b0d3a5025ab8b2ca534973497af42899,2017-11-02T09:03:50.000Z,0.00004800000999999839,0xaba13099d371a483dbf6cfd5ca654c7a3547cc74,sell,0x90c88ccd74e57e016acae8ad1eaa12ecf4c06f33,0x9e8cf22a4f4b02444cb743b505c72485c66106023a155e2d3b3b475f993c20bb
84,2982.0538384845463,0.1431386140677966,0xb99f72a8b0d3a5025ab8b2ca534973497af42899,2017-11-02T09:03:15.000Z,0.00004800000999999999,0x1d5321e125f6c7079a716705541c7b371ca79e69,sell,0x90c88ccd74e57e016acae8ad1eaa12ecf4c06f33,0x7ed4156c76528fe5aa8e6799e779787fae31e601c0b88e3c379b90a360bc6f68
85,2991,0.140242008,0x1d5321e125f6c7079a716705541c7b371ca79e69,2017-11-02T09:03:15.000Z,0.000046888,0xd31fef7b65f64c15000ca8d24a7832846d6d65df,buy,0x90c88ccd74e57e016acae8ad1eaa12ecf4c06f33,0x7ed4156c76528fe5aa8e6799e779787fae31e601c0b88e3c379b90a360bc6f68
86,5106.679960119641,0.24512068915254237,0xb99f72a8b0d3a5025ab8b2ca534973497af42899,2017-11-02T09:02:45.000Z,0.00004800000999999999,0x1d5321e125f6c7079a716705541c7b371ca79e69,sell,0x90c88ccd74e57e016acae8ad1eaa12ecf4c06f33,0x543a97bcae4ef72730a1b67b7bb08c0e6828aa6cefab58f7275f57a1a23fda9b
87,5122,0.24011936,0x1d5321e125f6c7079a716705541c7b371ca79e69,2017-11-02T09:02:45.000Z,0.00004688,0x36ac32b737afb8c3f35056fd8ea1e68cff54208f,buy,0x90c88ccd74e57e016acae8ad1eaa12ecf4c06f33,0x543a97bcae4ef72730a1b67b7bb08c0e6828aa6cefab58f7275f57a1a23fda9b
88,3303.5315437754484,0.15856954713653695,0xb99f72a8b0d3a5025ab8b2ca534973497af42899,2017-11-02T09:02:45.000Z,0.00004800000999999999,0xaba13099d371a483dbf6cfd5ca654c7a3547cc74,sell,0x90c88ccd74e57e016acae8ad1eaa12ecf4c06f33,0x62d1073b12d80643d382dc8d7e86778cf24d9c5a6a7140fc363223bf07c71876
89,9400,0.3854,0x422d7c1f2f04e7582163d1381a436516f4de3c2a,2017-11-02T09:02:32.000Z,0.000041,0x89edf78d238f3a8c2ccf448a0e163eaa88465523,buy,0x90c88ccd74e57e016acae8ad1eaa12ecf4c06f33,0x1d6f1301942dffef05c41d9405b631bea965878f9660d6ab784498d9b4c05f08
90,9324.8,0.447590493248,0xb99f72a8b0d3a5025ab8b2ca534973497af42899,2017-11-02T09:02:32.000Z,0.00004800000999999999,0x422d7c1f2f04e7582163d1381a436516f4de3c2a,sell,0x90c88ccd74e57e016acae8ad1eaa12ecf4c06f33,0x1d6f1301942dffef05c41d9405b631bea965878f9660d6ab784498d9b4c05f08
91,6698.235,0.2377873425,0xafc092e6fdd10f28d93abd00d1e427effdaad39c,2017-11-02T08:49:09.000Z,0.0000355,0x8d5ebdf9d7107bd8c63e490fe616d4b89184807c,sell,0x90c88ccd74e57e016acae8ad1eaa12ecf4c06f33,0x7fa29bc15f7e194e78d80c2aa2a9ade9832968af1659aee7d94c822d3b47e058
92,3301.7645299571327,0.11721264081347822,0xafc092e6fdd10f28d93abd00d1e427effdaad39c,2017-11-02T08:46:20.000Z,0.00003549999999999999,0xc4240904cb9f6a3831e816d1288cf0256b3f7ec0,sell,0x90c88ccd74e57e016acae8ad1eaa12ecf4c06f33,0x6a90f452dad02089381d0bb234242eb7f555ca39e6eed96d74e01b2198f6370f
93,3312,0.119232,0x34d4ecd77d6378ebdda1c62a38881e4587109181,2017-11-02T08:42:11.000Z,0.000036,0x9a2ddba9444a37383e65f70ec8dfe2151af01d14,buy,0x90c88ccd74e57e016acae8ad1eaa12ecf4c06f33,0x6aae38864a016597020738d4c4586b7899a694dec8b5989a75268ff31a918dd0
94,100.631,0.00367806305,0x573ec53b8fcb60e6f20eec96c8045933dd169a4c,2017-11-02T08:17:16.000Z,0.00003655,0x05c52b40447b96c0242bac3cc1d8e52ef8a3b331,sell,0x90c88ccd74e57e016acae8ad1eaa12ecf4c06f33,0xdd839a8a9d89917ad769307e2bf79684edf95df2f588b88225c9e6dc032939f1
95,124.546,0.0045708382,0xe143e59a3f84fc1c139574c9838a707eb4068308,2017-11-02T08:11:52.000Z,0.0000367,0xf240c75b79f69043094df4704d7046298155cb22,sell,0x90c88ccd74e57e016acae8ad1eaa12ecf4c06f33,0xacd44f675b05d3bcba106a236e0c8f0f5b4f3ef5fe210dc76257867e579871c1
96,1023.762,0.042998004,0xa00ce89912a904af47c8aaba902e9f8baace8515,2017-11-02T08:04:23.000Z,0.000042,0x17fbc5cd4b576e8947df8582dbd4f8055c3735d6,sell,0x90c88ccd74e57e016acae8ad1eaa12ecf4c06f33,0x8847cd2611b94c0a0fea8d8b96caf71bd2b0ca961a202ba12898f66b7c6f3849
97,2510.4319198883463,0.12803202791430565,0x43a0958be7de5a47d529da07a4a6fed9efa2e9b5,2017-11-02T08:01:42.000Z,0.000051,0x77c8b49f1b6b1ee0239201ca94ad9dc391611001,buy,0x90c88ccd74e57e016acae8ad1eaa12ecf4c06f33,0x802eebd7110d0ad5aa78ba64b762d081f63bc40904dbd647e387b8109b6c9dfa
98,200,0.0174,0x43a0958be7de5a47d529da07a4a6fed9efa2e9b5,2017-11-02T07:55:23.000Z,0.000087,0x1f39f430aeac3396ea046b61890f1d7e70351ec4,buy,0x90c88ccd74e57e016acae8ad1eaa12ecf4c06f33,0x84fee6e5a466f3f519179c50cb321fc6007c1a0a2ef49a6ca72c3a4defa5d6b2
99,33,0.001386,0x02f3f615dad26e296bec71632d7d3fdb702dae7c,2017-11-02T07:53:32.000Z,0.000042,0xf240c75b79f69043094df4704d7046298155cb22,buy,0x90c88ccd74e57e016acae8ad1eaa12ecf4c06f33,0x031c274b63330cfdbc338327c44c6310430c98a0c1987e035c7c44d2ff627f5b
100,100,0.0042,0x8d5ebdf9d7107bd8c63e490fe616d4b89184807c,2017-11-02T07:51:59.000Z,0.000042,0xf240c75b79f69043094df4704d7046298155cb22,buy,0x90c88ccd74e57e016acae8ad1eaa12ecf4c06f33,0x91e68c61141904a09c654a298c55a08f18c9e2ff1cfbcaab6a5c42489aead9a0
101,15000,0.5325015,0x00ac8a2bf7d97b363667aae3995192abada3c471,2017-11-02T07:50:36.000Z,0.0000355001,0x8d5ebdf9d7107bd8c63e490fe616d4b89184807c,sell,0x90c88ccd74e57e016acae8ad1eaa12ecf4c06f33,0xf8b286e088b4e5af1e24e1a607516af7192a2098af4069bdc69301c8415d0843
102,150,0.011733,0x43a0958be7de5a47d529da07a4a6fed9efa2e9b5,2017-11-02T07:49:08.000Z,0.00007822,0x1f39f430aeac3396ea046b61890f1d7e70351ec4,buy,0x90c88ccd74e57e016acae8ad1eaa12ecf4c06f33,0x15c8e463e24e0ba1916277165e2bd7c1f1b63dab5cb8fd530111a1034c7fd80e
103,0.08228209378759561,0.000003019752842004,0xe143e59a3f84fc1c139574c9838a707eb4068308,2017-11-02T07:43:15.000Z,0.00003669999999999077,0xbebe9059477d21fca1e5d6372e3ae8e37198f8a2,sell,0x90c88ccd74e57e016acae8ad1eaa12ecf4c06f33,0xa6daa41fc1fd1fa7985da2ad01f6fc99bc88ddd9bee4f188f0cde6e908dd41e6
104,825.3716827833715,0.030291140758149735,0xe143e59a3f84fc1c139574c9838a707eb4068308,2017-11-02T07:40:48.000Z,0.00003669999999999999,0xbebe9059477d21fca1e5d6372e3ae8e37198f8a2,sell,0x90c88ccd74e57e016acae8ad1eaa12ecf4c06f33,0x173b6837606ca920ed08483334a035b6db56cd3b5a5dec708c7a80ea4168816d
105,171.555,0.0068622,0x573ec53b8fcb60e6f20eec96c8045933dd169a4c,2017-11-02T07:37:18.000Z,0.00004,0xbebe9059477d21fca1e5d6372e3ae8e37198f8a2,sell,0x90c88ccd74e57e016acae8ad1eaa12ecf4c06f33,0x4678cbd3b6ca9a94bcfdfe61ea9617d9c2ad042aa25cb9c1fce83ca8624ac12a
106,7416.303631690061,0.31148475253098257,0x9e0d20d9e67b788748c44f26eddf4c7e570e1f02,2017-11-02T07:21:22.000Z,0.00004199999999999999,0xfc3d5c2f5af0ad6a7661c96d88813d60ea58b6a0,sell,0x90c88ccd74e57e016acae8ad1eaa12ecf4c06f33,0xc39f9ab4812df89e11c52bd76b217e79c334599b2f7ac748e1e470c5d88f90ce
107,3301.7645299571327,0.1386741102581996,0x9e0d20d9e67b788748c44f26eddf4c7e570e1f02,2017-11-02T07:19:37.000Z,0.00004199999999999999,0x7d62cdd486a15b6a720f3cbbaed3ff740ad3eb8a,sell,0x90c88ccd74e57e016acae8ad1eaa12ecf4c06f33,0x7b671838252dd92415771a256a04f9690363fb60a722cdf579ff40fd0fa17428
108,20000,0.7313,0xfc3d5c2f5af0ad6a7661c96d88813d60ea58b6a0,2017-11-02T07:16:52.000Z,0.000036565,0xfc3d5c2f5af0ad6a7661c96d88813d60ea58b6a0,sell,0x90c88ccd74e57e016acae8ad1eaa12ecf4c06f33,0xb0fcd00900a31dfeb19c1aca32b90079c1f1eb61be49096284605d6aea61d0c5
109,4985.044362476324,0.20937186322400558,0x9e0d20d9e67b788748c44f26eddf4c7e570e1f02,2017-11-02T07:16:31.000Z,0.00004199999999999999,0x66c3724aa5d9821ef324973b3c89c505374f176b,sell,0x90c88ccd74e57e016acae8ad1eaa12ecf4c06f33,0xb053161cdd99c1a3f455d3ddce688a38ae7f7b40d11091232479b29d824c1806
110,1450.2862097497757,0.060912020809490576,0x9e0d20d9e67b788748c44f26eddf4c7e570e1f02,2017-11-02T07:07:07.000Z,0.00004199999999999999,0x107d35bdbb393d33d6d9ce4127883b057b8e6187,sell,0x90c88ccd74e57e016acae8ad1eaa12ecf4c06f33,0x19216236433c418b9739f055966a372a9e904cab3593d6b7e71c8786a46b4f53
111,3301.7645299571327,0.1386741102581996,0x9e0d20d9e67b788748c44f26eddf4c7e570e1f02,2017-11-02T07:07:07.000Z,0.00004199999999999999,0x3e284c856b2b3064ea6c0ddb9ba1649a9bc9e969,sell,0x90c88ccd74e57e016acae8ad1eaa12ecf4c06f33,0xf59f3c83d3b26f59072c2eaaa6400f55a0deb3e25e33866b426ea3fa7ad3a798
112,2359.301,0.1064044751,0x14d6a9617a144ac2ee29a309862a3d88ba2820d6,2017-11-02T07:05:38.000Z,0.0000451,0x107d35bdbb393d33d6d9ce4127883b057b8e6187,sell,0x90c88ccd74e57e016acae8ad1eaa12ecf4c06f33,0x911c81b836171a26fd46c66294296754b9ca3282a9b8644d968d8bffb5a75160
113,20000,0.84,0x9e0d20d9e67b788748c44f26eddf4c7e570e1f02,2017-11-02T06:56:56.000Z,0.000042,0x8d5ebdf9d7107bd8c63e490fe616d4b89184807c,sell,0x90c88ccd74e57e016acae8ad1eaa12ecf4c06f33,0x75e2120fe5a474406d041db651a42d0fb7ce97b753baa30d016dc3d83263e6b5
114,3301.7645299571327,0.1386741102581996,0x9e0d20d9e67b788748c44f26eddf4c7e570e1f02,2017-11-02T06:56:48.000Z,0.00004199999999999999,0x04dd9b612af3ada8dd044486c5765d2ee16981cb,sell,0x90c88ccd74e57e016acae8ad1eaa12ecf4c06f33,0xb3ed0dc25014f125182102f286b791f58e3a48d71705bb8ed569f000c40412c6
115,4985.044860384508,0.20937188413614932,0x9e0d20d9e67b788748c44f26eddf4c7e570e1f02,2017-11-02T06:50:31.000Z,0.00004199999999999999,0xe3f43091daf1fb0b21240e689e590cdc2f8f5a71,sell,0x90c88ccd74e57e016acae8ad1eaa12ecf4c06f33,0xb80bf4247270ad6bec4bae8d39a1705d7bb36ecc89d5e5372cd635b52c073da8
116,3301.7645299571327,0.1386741102581996,0x9e0d20d9e67b788748c44f26eddf4c7e570e1f02,2017-11-02T06:37:08.000Z,0.00004199999999999999,0x6cbe9e69b54fb87cbfdc8cca2cd6e90515d1a36c,sell,0x90c88ccd74e57e016acae8ad1eaa12ecf4c06f33,0x5c67f67aaccb6458016a16e6d3f4ef4a28a41f9b0d0d6d2ab2c3470c42ecc02c
117,0.136,0.000005712,0x9e0d20d9e67b788748c44f26eddf4c7e570e1f02,2017-11-02T06:30:24.000Z,0.000042,0xdc98626318959dc6164616776c2cd38f4f0acb01,sell,0x90c88ccd74e57e016acae8ad1eaa12ecf4c06f33,0x3a088aee9ca2787407f18636c35f48de6e7654f2a4dca9d83e2528aea95d698a
118,3301.7645299571327,0.1386741102581996,0x9e0d20d9e67b788748c44f26eddf4c7e570e1f02,2017-11-02T06:29:37.000Z,0.00004199999999999999,0xc46246109e03cb30d079ad3aca7768669614fecc,sell,0x90c88ccd74e57e016acae8ad1eaa12ecf4c06f33,0x10ad25c785c393e1d98595e58c741cfb2a1eea902cb6ab73ca53d0242db19392
119,1364.5606709201475,0.0573115481786462,0x9e0d20d9e67b788748c44f26eddf4c7e570e1f02,2017-11-02T06:28:29.000Z,0.00004199999999999999,0xdc98626318959dc6164616776c2cd38f4f0acb01,sell,0x90c88ccd74e57e016acae8ad1eaa12ecf4c06f33,0x93e5e45961602515a951f828ba3037b46777714b510916f788e8ab52d2049bbc
120,1500,0.06300015,0x4a42f8134bc67bcaeb8dee1e5aad82d85290c419,2017-11-02T06:27:19.000Z,0.0000420001,0xdc98626318959dc6164616776c2cd38f4f0acb01,sell,0x90c88ccd74e57e016acae8ad1eaa12ecf4c06f33,0x1fa6f8d4d51e5546031e825fc8afb0f2ba5a6a47cd3e81f25be2a8d402f511b4
121,437.397,0.018371111397,0xa00ce89912a904af47c8aaba902e9f8baace8515,2017-11-02T06:27:13.000Z,0.000042001,0xdc98626318959dc6164616776c2cd38f4f0acb01,sell,0x90c88ccd74e57e016acae8ad1eaa12ecf4c06f33,0x379ba4c4b626530e014aa55d04eb4d168765d662c0a22b28b4238daf5c78497d
122,285.5478018143754,0.011993293224005582,0xa00ce89912a904af47c8aaba902e9f8baace8515,2017-11-02T06:18:35.000Z,0.00004200099999999999,0xd42f262d24e0e06b44188d0a15e5d58393836e16,sell,0x90c88ccd74e57e016acae8ad1eaa12ecf4c06f33,0x6eb0beae0e3139d819466cadefdf0df92e314e2ebd31750c896cbcfb26d44c27
123,6500,0.30549935,0x6e9c1d3859dd8e27fca04675554b54e58938d5bc,2017-11-02T06:13:34.000Z,0.0000469999,0x36ac32b737afb8c3f35056fd8ea1e68cff54208f,buy,0x90c88ccd74e57e016acae8ad1eaa12ecf4c06f33,0x09b5feabeacbe2b02c0f40eceecf28ef1e3ef71cccf5e876bd55856f50cc421a
124,3377,0.162079115,0x6ea6f512533c3e2c31840912c9a6c415b0bf1379,2017-11-02T05:57:01.000Z,0.000047995,0x36ac32b737afb8c3f35056fd8ea1e68cff54208f,buy,0x90c88ccd74e57e016acae8ad1eaa12ecf4c06f33,0x6457c6bf9ff80ca1f52bd6f9e605d116e0904f21ce55117634ec22835b7b0f2d
125,3301.7645299571327,0.13867741202272954,0xa00ce89912a904af47c8aaba902e9f8baace8515,2017-11-02T05:51:24.000Z,0.00004200099999999999,0xdc31a9e26b48d911c2529e62ebb4866803d75c4d,sell,0x90c88ccd74e57e016acae8ad1eaa12ecf4c06f33,0x7044e1734c193fdb8d79a25e5ececb932d38dffd2ca1a0ba9a7101774824883d
126,3289.80161499352,0.13817166782972784,0x9e0d20d9e67b788748c44f26eddf4c7e570e1f02,2017-11-02T05:33:35.000Z,0.00004199999999999999,0x334864b8c4eab0384006a9f9885b5541f1fda010,sell,0x90c88ccd74e57e016acae8ad1eaa12ecf4c06f33,0x172b1e75c8f90981d6801d25edaf5c75bb2648baac4cc50417ffb0c5d7342e8a
127,3510.2332999996515,0.16848768816668327,0x7530f85827154ce178ff6c0710af07520663f9d5,2017-11-02T05:27:21.000Z,0.000047999,0xa00ce89912a904af47c8aaba902e9f8baace8515,buy,0x90c88ccd74e57e016acae8ad1eaa12ecf4c06f33,0x5aec98e940a617f27c7f50d07ea3d9ff958a3dfab298ff7662886df7f4a035f0
128,1000,0.048,0x3aeb6392f86408afa6d433dca70975737c483f0d,2017-11-02T05:25:24.000Z,0.000048,0xd66b1474d039b0964decc0bda5ec4e99ce9e9c09,buy,0x90c88ccd74e57e016acae8ad1eaa12ecf4c06f33,0x0ec3b86fb3cee631a70c9dd13af7f700256ddd479a9e2e03ab2a0570fca6cb78
129,1495,0.0710125,0x9624fae12c24bcdade48cbb10e50fd662bf2f9f9,2017-11-02T05:23:43.000Z,0.0000475,0x4a42f8134bc67bcaeb8dee1e5aad82d85290c419,buy,0x90c88ccd74e57e016acae8ad1eaa12ecf4c06f33,0x0faa29fc824a9adccd5eff4a064da9a1a7cf8d73db1f246d57b874b8a1367550
130,752.5028004760778,0.03837764282427997,0x9e0d20d9e67b788748c44f26eddf4c7e570e1f02,2017-11-02T05:19:59.000Z,0.00005099999999999999,0x1d5321e125f6c7079a716705541c7b371ca79e69,sell,0x90c88ccd74e57e016acae8ad1eaa12ecf4c06f33,0x02a9eeedff3771252ee03c3188493735faceec7ea85fe0bfe30b7da507c281f6
131,754.7603088775061,0.03547373451724278,0x1d5321e125f6c7079a716705541c7b371ca79e69,2017-11-02T05:19:59.000Z,0.000047,0xdeffa9f45be3d70b2517ff6529bca44e91f15e66,buy,0x90c88ccd74e57e016acae8ad1eaa12ecf4c06f33,0x02a9eeedff3771252ee03c3188493735faceec7ea85fe0bfe30b7da507c281f6
132,600,0.024,0x573ec53b8fcb60e6f20eec96c8045933dd169a4c,2017-11-02T05:13:35.000Z,0.00004,0x88216428e5d63491e66711051e37eb47e7cda8d3,sell,0x90c88ccd74e57e016acae8ad1eaa12ecf4c06f33,0x4044d6af6b8582e1d479e56609fb3820f2e008f316a248ae9e4b29d9fdb27dd4
133,1495.3643704516,0.059814574818064,0x4a42f8134bc67bcaeb8dee1e5aad82d85290c419,2017-11-02T05:13:31.000Z,0.00003999999999999999,0xd576b29870a145dde8b2b39a4531626b8d76f42f,sell,0x90c88ccd74e57e016acae8ad1eaa12ecf4c06f33,0x7687e8226e88cd596e8d5a32d19bf07442cc872c5f0170d79341e39fc95d384a
134,17724.915611523873,0.708996624460955,0x573ec53b8fcb60e6f20eec96c8045933dd169a4c,2017-11-02T04:58:59.000Z,0.00003999999999999999,0xaba13099d371a483dbf6cfd5ca654c7a3547cc74,sell,0x90c88ccd74e57e016acae8ad1eaa12ecf4c06f33,0x8834b091a3bcc2806dd026e308eac102220c9ab6f80eaa56e213280a102c0631
135,3301.7645299571327,0.13207058119828533,0x573ec53b8fcb60e6f20eec96c8045933dd169a4c,2017-11-02T04:52:36.000Z,0.00003999999999999999,0xb679f745ce13422bfdab708175e4bb582026c604,sell,0x90c88ccd74e57e016acae8ad1eaa12ecf4c06f33,0x52b875a7d20282eff43a0e3525ff2075e472edf12d62cd1e4d424c7160f556b4
136,2124,0.08496,0xbc2149633eb1301f2dd14cd25e0f8542f3d44bac,2017-11-02T04:45:55.000Z,0.00004,0xdca93599128304af33b980bd0021bc02dc4cf3c2,buy,0x90c88ccd74e57e016acae8ad1eaa12ecf4c06f33,0x853dcd8751cbdb02f798dc31fcd7b2f28473d291fd222ff199a56b2e3f7589ef
137,300,0.012,0x573ec53b8fcb60e6f20eec96c8045933dd169a4c,2017-11-02T04:41:56.000Z,0.00004,0xebc8d1c22fa86eca91707ee5332366c1a0b1b935,sell,0x90c88ccd74e57e016acae8ad1eaa12ecf4c06f33,0x571a089364203a717f934af3d1c3c178b1ce2697e8b411f6eee4aae01441348e
138,1500,0.06,0x1d5321e125f6c7079a716705541c7b371ca79e69,2017-11-02T04:35:05.000Z,0.00004,0xdca93599128304af33b980bd0021bc02dc4cf3c2,buy,0x90c88ccd74e57e016acae8ad1eaa12ecf4c06f33,0x0b811d56d000d4b06e9e5fb182564cb88918cd33fae4a624b93a994059ed4d8d
139,1495.5134596211367,0.0613160518444666,0x442edd20fdaf8d00adb4a94665a1b2edfad915ef,2017-11-02T04:35:05.000Z,0.00004099999999999999,0x1d5321e125f6c7079a716705541c7b371ca79e69,sell,0x90c88ccd74e57e016acae8ad1eaa12ecf4c06f33,0x0b811d56d000d4b06e9e5fb182564cb88918cd33fae4a624b93a994059ed4d8d
140,3301.7645299571327,0.13207058119828533,0x573ec53b8fcb60e6f20eec96c8045933dd169a4c,2017-11-02T04:09:57.000Z,0.00003999999999999999,0xb2cd14e218bf2fb9e370d75a1c11aab8d72b2e85,sell,0x90c88ccd74e57e016acae8ad1eaa12ecf4c06f33,0x470a2350249a745aa7f62f0d3619e7d91f766f1316784451fb332ff5b6dded25
141,2557.239691122494,0.12019026548275721,0xd873b327203d4c57b360355c8346f3512b3c138d,2017-11-02T04:08:10.000Z,0.000047,0xdeffa9f45be3d70b2517ff6529bca44e91f15e66,buy,0x90c88ccd74e57e016acae8ad1eaa12ecf4c06f33,0xf4d4ea078621ffb260377536cc075968ba04936da7d50a1d9e55c77a6c43f955
142,3312,0.158972688,0xd873b327203d4c57b360355c8346f3512b3c138d,2017-11-02T04:04:40.000Z,0.000047999,0x57534320de36797294b1b2715125d285da683349,buy,0x90c88ccd74e57e016acae8ad1eaa12ecf4c06f33,0xa19d90b91fcb9ec56fc14882c80dd76224ce2b9dd607d584cb6e3436eed31466
143,3312,0.155664,0x005d1231aa5a6c73eebbd495525f4c1a4b1f4af3,2017-11-02T03:38:47.000Z,0.000047,0x40eee415be5d9281ddafb9877401cbf773407732,buy,0x90c88ccd74e57e016acae8ad1eaa12ecf4c06f33,0xce51053ce29adad48bdd5f46e14fc05bd1420fdc91285abda9cb03ef7966acb1
144,7800,0.312,0x076024379bb414a560cd14f860e2f82db10ba2d7,2017-11-02T03:20:22.000Z,0.00004,0xfdf7c01650ea64dae1496d7be373af4c060d13a7,sell,0x90c88ccd74e57e016acae8ad1eaa12ecf4c06f33,0xd33077630d59469ba4503780cba085b8d5d046b1dd4a2492540af8166e4d6b6b
145,2343.924533944771,0.08555324548898414,0xe0d463597d9a53a5fbb5d983427e23661cef6e58,2017-11-02T03:03:40.000Z,0.00003649999999999999,0x562b83b752abf4cfc15ba88ed4b786f503823dc2,sell,0x90c88ccd74e57e016acae8ad1eaa12ecf4c06f33,0x1fb82f543286c67a702301fb42d268bf21923ac7cd3f81517dfb1f903c7c7796
146,2703.240953045559,0.09462694956135978,0xfc3d5c2f5af0ad6a7661c96d88813d60ea58b6a0,2017-11-02T02:57:22.000Z,0.00003500499999999999,0xfc3d5c2f5af0ad6a7661c96d88813d60ea58b6a0,sell,0x90c88ccd74e57e016acae8ad1eaa12ecf4c06f33,0xe3113af60f6de2cbf5ca668d418cd7d6c66870cfa0119b85e8dc2a0a18ecd318
147,6141.619978067989,0.22416912919948162,0xe0d463597d9a53a5fbb5d983427e23661cef6e58,2017-11-02T02:55:54.000Z,0.00003649999999999999,0x58afcc51434a3015e6499f843d15ac1860d2516e,sell,0x90c88ccd74e57e016acae8ad1eaa12ecf4c06f33,0x69efd3cb9747ea94e43da5568efec7fe1e4e617d2991890568b20f2e4a405ba6
148,3301.7645299571327,0.12051440534343535,0xe0d463597d9a53a5fbb5d983427e23661cef6e58,2017-11-02T02:53:42.000Z,0.00003649999999999999,0xa708d2106b470b23eeeb574d37512a6d16efd245,sell,0x90c88ccd74e57e016acae8ad1eaa12ecf4c06f33,0xb74969ffc65a481c0302be9ebfddb72c75e3494d3321e0d6597192b3ca74e15a
149,113,0.0041245,0xe0d463597d9a53a5fbb5d983427e23661cef6e58,2017-11-02T02:53:34.000Z,0.0000365,0x2ae6686306e3e932f23a734cc26e7adb60f407f4,sell,0x90c88ccd74e57e016acae8ad1eaa12ecf4c06f33,0x0baa03cb20af00cf8550db2bc96c5be85fa7c98bc5f926fd13d2132134cd341c
150,2870.659,0.11482636,0x58afcc51434a3015e6499f843d15ac1860d2516e,2017-11-02T02:52:39.000Z,0.00004,0x3421c555a64032f3bb56c0f1236138dc88ae4c7f,sell,0x90c88ccd74e57e016acae8ad1eaa12ecf4c06f33,0xf82a01793132b564303282983ba971862272052a9def9d13ec0f79664283d07e
151,3290,0.1316,0x58afcc51434a3015e6499f843d15ac1860d2516e,2017-11-02T02:50:41.000Z,0.00004,0xaaf2f5b0db5e3a604a69c7116cceda6d8b0c5a98,sell,0x90c88ccd74e57e016acae8ad1eaa12ecf4c06f33,0xa0986c1b7387e7b7f0e4ef299facfa25a89f8bddda39673554a1f0cead4239bd
152,0.000000000000010876,0,0x58afcc51434a3015e6499f843d15ac1860d2516e,2017-11-02T02:48:49.000Z,0,0x58afcc51434a3015e6499f843d15ac1860d2516e,sell,0x90c88ccd74e57e016acae8ad1eaa12ecf4c06f33,0x071a9b61ec6cfec60de1cdc416880016412e1af3ce8ea4c012d6a3105b1b953d
153,3082,0.1554869,0x5efdca26e7cbb98c4f23a46d7a724c6c9148d0cf,2017-11-02T02:42:36.000Z,0.00005045,0xff88904338fe79cdd48a5292a3948559c4b60e95,buy,0x90c88ccd74e57e016acae8ad1eaa12ecf4c06f33,0xa755dae562d84897bdf4f2daffa54979ab9c48778452d6372b270c6b3805280c
154,1595.7292581724048,0.06861635810141341,0x5efdca26e7cbb98c4f23a46d7a724c6c9148d0cf,2017-11-02T02:40:43.000Z,0.000043,0x58afcc51434a3015e6499f843d15ac1860d2516e,buy,0x90c88ccd74e57e016acae8ad1eaa12ecf4c06f33,0x4dfae6d1ca8b084967892e541bd70512f9793d710221ffa9fd8ffdfe3204f10c
155,500,0.0215,0xbe81618cf71d920f06f37feb0afd41912d9a2e1c,2017-11-02T02:39:36.000Z,0.000043,0x58afcc51434a3015e6499f843d15ac1860d2516e,buy,0x90c88ccd74e57e016acae8ad1eaa12ecf4c06f33,0x2e288c04f037069bd3a422bed6cce84d47b4c9c652e8b6717e43db82296c3f2a
156,13453.64412147183,0.5381457648588732,0x58afcc51434a3015e6499f843d15ac1860d2516e,2017-11-02T02:37:48.000Z,0.00004,0x58afcc51434a3015e6499f843d15ac1860d2516e,sell,0x90c88ccd74e57e016acae8ad1eaa12ecf4c06f33,0xe264615610637f863bbf4dcf03cafce856d89999316f6102f430c5b755519df8
157,27296.356,1.09185424,0xc31e6dc679b23e89b1ba562717b54d4b5c5c8fec,2017-11-02T02:37:48.000Z,0.00004,0x58afcc51434a3015e6499f843d15ac1860d2516e,buy,0x90c88ccd74e57e016acae8ad1eaa12ecf4c06f33,0x0369dec1515d225c5af7a71d32cab7f0219c72c5b15ed58c8ab3dea390e91420
158,1500,0.06,0x58afcc51434a3015e6499f843d15ac1860d2516e,2017-11-02T02:34:23.000Z,0.00004,0xf757f42ac03f16b9d0e4ec16ba096e1a02bd746b,sell,0x90c88ccd74e57e016acae8ad1eaa12ecf4c06f33,0xce9b1d5cd215061e24dab1eed5fe69387473d0ae982f4a53011ab33e3c7435f1
159,1400,0.05586,0xfc3d5c2f5af0ad6a7661c96d88813d60ea58b6a0,2017-11-02T02:19:30.000Z,0.0000399,0x442edd20fdaf8d00adb4a94665a1b2edfad915ef,buy,0x90c88ccd74e57e016acae8ad1eaa12ecf4c06f33,0xccba7f98e01376bb2afedbc99d6d63f2f0ea25f8a3fc1d431d96fa6cdc527615
160,99.69095803010673,0.003638719968098895,0xe0d463597d9a53a5fbb5d983427e23661cef6e58,2017-11-02T02:18:57.000Z,0.00003649999999999999,0xd421c753e7299f1f104c61dfea79fd1df958bbd5,sell,0x90c88ccd74e57e016acae8ad1eaa12ecf4c06f33,0xfc39a6e9c19e8843c1872c88d10f1e6a18b6a851275ebff01947c19df77e1c4b
161,14953.643704516,0.59814574818064,0xffe1be4b23b82b5016624b9f588179470ce56960,2017-11-02T02:18:57.000Z,0.00004,0x58afcc51434a3015e6499f843d15ac1860d2516e,buy,0x90c88ccd74e57e016acae8ad1eaa12ecf4c06f33,0xe26e8ace156c2ed3658e9e69b81496fa38378f4bf2954b6e897dd74b27f33758
162,100,0.00389,0xd421c753e7299f1f104c61dfea79fd1df958bbd5,2017-11-02T02:15:26.000Z,0.0000389,0xfc3d5c2f5af0ad6a7661c96d88813d60ea58b6a0,buy,0x90c88ccd74e57e016acae8ad1eaa12ecf4c06f33,0x303b5dbfaf601bceddfa0b3d2c5669852c4a9adc973ccfbe5e983af8c0d45747
163,10211,0.40844,0x58afcc51434a3015e6499f843d15ac1860d2516e,2017-11-02T02:12:16.000Z,0.00004,0xfc3d5c2f5af0ad6a7661c96d88813d60ea58b6a0,sell,0x90c88ccd74e57e016acae8ad1eaa12ecf4c06f33,0x7183bd45f4a4a32980b25d9679474c1cfe73029b6c6601cc7c2adbb5aeb0c169
164,28740.236,1.14960944,0x58afcc51434a3015e6499f843d15ac1860d2516e,2017-11-02T02:09:52.000Z,0.00004,0xa4e3d31e14c2718d99d32af4716c5cfccfc92e58,sell,0x90c88ccd74e57e016acae8ad1eaa12ecf4c06f33,0xaf5aae122658fe8a15807e6983fceb33e1d3ac455e7c036c0535142f1b4aed96
165,3934.46044900792,0.1573784179603168,0x58afcc51434a3015e6499f843d15ac1860d2516e,2017-11-02T02:05:45.000Z,0.00003999999999999999,0x58afcc51434a3015e6499f843d15ac1860d2516e,sell,0x90c88ccd74e57e016acae8ad1eaa12ecf4c06f33,0x0226c098bd0213a6047c95163898d75681419562563873e73c79a98e3fc59d5b
166,750,0.03,0x908114fca794a83fc89970368adcdd6199bdcc7b,2017-11-02T02:04:49.000Z,0.00004,0x58afcc51434a3015e6499f843d15ac1860d2516e,buy,0x90c88ccd74e57e016acae8ad1eaa12ecf4c06f33,0x1ccd0fa800fe256f20e69c4df64c56b4a8fb47d4be3cf073f26d96a98d0c36a2
167,163.01118532549097,0.003848694085534841,0xbd81c6b26bae5732f3e3d5ebbf1ac50d9b5373e1,2017-11-02T02:04:42.000Z,0.00002360999999999999,0xc1fdbf3378c70a6bc3e26bd97df5abdabb6a4038,sell,0x90c88ccd74e57e016acae8ad1eaa12ecf4c06f33,0x57178e6670804bd9a4c46ca662e36e35c5ebc3c83ca686dd1f0d1db3a5384fec
168,1000,0.03,0xf0d8444b98fd316d6fa97ef6d9501f457e72656f,2017-11-02T02:03:48.000Z,0.00003,0xc1fdbf3378c70a6bc3e26bd97df5abdabb6a4038,sell,0x90c88ccd74e57e016acae8ad1eaa12ecf4c06f33,0x77ffac395fdc676a555eefff221cb66df4c59ab0bf74cfde6e945d56d1b50545
169,5441.16,0.2122058385276,0xfc5b5a90e6d724e5dd1c9c99b6b81c34544117b5,2017-11-02T01:58:37.000Z,0.00003900011,0xc1fdbf3378c70a6bc3e26bd97df5abdabb6a4038,sell,0x90c88ccd74e57e016acae8ad1eaa12ecf4c06f33,0x1e708826ca015f5a260700123e917f2add669a0aa7e5212e741ffc3dbcdbd0fc
170,6434.624949646277,0.2573914326108007,0x36ac32b737afb8c3f35056fd8ea1e68cff54208f,2017-11-02T01:52:59.000Z,0.00004000099999999999,0x58afcc51434a3015e6499f843d15ac1860d2516e,sell,0x90c88ccd74e57e016acae8ad1eaa12ecf4c06f33,0x63686b74f3437a6c77646aaf3c04fa21b2b785888d6ffecd2469d7ba9abbe269
171,5754.523,0.23018092,0xdc0de8be6351136fd46d7d0fe7b9b0dd74f16326,2017-11-02T01:52:53.000Z,0.00004,0x58afcc51434a3015e6499f843d15ac1860d2516e,sell,0x90c88ccd74e57e016acae8ad1eaa12ecf4c06f33,0x51a6157954867ec1e9a5b410999e104e3e760dd32f346e3253be3d5d5fd11dc7
172,26000,1.04,0x39ea7a8417b176bbdce622387d01870cf9569f25,2017-11-02T01:52:53.000Z,0.00004,0x58afcc51434a3015e6499f843d15ac1860d2516e,sell,0x90c88ccd74e57e016acae8ad1eaa12ecf4c06f33,0x1d78ac54978c6424f0edea9cb43a773b21196a4bc03e49f290fe9ed0819618da
173,6245.476872440358,0.24981907489761432,0xdc0de8be6351136fd46d7d0fe7b9b0dd74f16326,2017-11-02T01:49:07.000Z,0.00003999999999999999,0x95e52a150e4a6f18323fb0d52066d130d1b79e22,sell,0x90c88ccd74e57e016acae8ad1eaa12ecf4c06f33,0x1559a56a8aaab720a87f96b27306b8a2b23bd21127abda8ac220b847fae9577b
174,11298.497529379867,0.45532945043400863,0xe0d463597d9a53a5fbb5d983427e23661cef6e58,2017-11-02T01:46:49.000Z,0.00004029999999999999,0xfc3d5c2f5af0ad6a7661c96d88813d60ea58b6a0,sell,0x90c88ccd74e57e016acae8ad1eaa12ecf4c06f33,0x5fdae92e50e95044f01e33f892fce4e209959e4a20c5b708aea47eabe3ce81ae
175,6701.502470620133,0.27007054956599136,0xe0d463597d9a53a5fbb5d983427e23661cef6e58,2017-11-02T01:44:27.000Z,0.00004029999999999999,0x7bd02d3903fa837426cd80f163efb5207f2b4195,sell,0x90c88ccd74e57e016acae8ad1eaa12ecf4c06f33,0xe3624b3e07dd1e07d326d779ce3dacdf8a9dbb636838620bce8a7b0e2e3e8a86
176,3565.375050353723,0.14261856738919929,0x36ac32b737afb8c3f35056fd8ea1e68cff54208f,2017-11-02T01:43:38.000Z,0.00004000099999999999,0x3aa939efb288273ca7273c019935f040a870c8a2,sell,0x90c88ccd74e57e016acae8ad1eaa12ecf4c06f33,0xe2077b9457529bf9c6c591da037c4186594da2201cc3bd11e55dcc042af3e471
177,5166.666666666667,0.2077,0xfc5a616194dbd3c7152f2e2f3e23c3fd081cad98,2017-11-02T01:43:38.000Z,0.00004019999999999999,0x7bd02d3903fa837426cd80f163efb5207f2b4195,sell,0x90c88ccd74e57e016acae8ad1eaa12ecf4c06f33,0x6e646d8c6163c25cf246d4a85c967de9a9310607faafda0f7d6eb96eab9fad64
178,7689.552,0.319116408,0x36c02d72d2534a2bfe7b135d0888ccb6f62827b6,2017-11-02T01:42:03.000Z,0.0000415,0x7bd02d3903fa837426cd80f163efb5207f2b4195,sell,0x90c88ccd74e57e016acae8ad1eaa12ecf4c06f33,0x505d1e6d76805a2817fe86c1186e775589b7beee81e8d8f031f8a9eeb99422f2
179,4000,0.166004,0x0579673ec579e5ea86b3bc26160db5d95ba97780,2017-11-02T01:41:08.000Z,0.000041501,0x7bd02d3903fa837426cd80f163efb5207f2b4195,sell,0x90c88ccd74e57e016acae8ad1eaa12ecf4c06f33,0xc6073d2b6410df5255f19b25c338268929a37bc21e7bc93284b6bd0e5274694d
180,1426.5359079659893,0.05920124018058855,0x36c02d72d2534a2bfe7b135d0888ccb6f62827b6,2017-11-02T01:20:14.000Z,0.00004149999999999999,0x74508b89e5d59c04b63b32dc6a62700daa027543,sell,0x90c88ccd74e57e016acae8ad1eaa12ecf4c06f33,0xa04d1941622192a0061317a91159e61f64bb6062b2d39b726176e829191b590d
181,7282.147119928222,0.30220910547702123,0x36c02d72d2534a2bfe7b135d0888ccb6f62827b6,2017-11-02T01:06:54.000Z,0.00004149999999999999,0x47c48019752246c56434a69af290a8eb781b8e20,sell,0x90c88ccd74e57e016acae8ad1eaa12ecf4c06f33,0xee9092e73d0a2126ff0d006b71563dc350b0f8136131953deb7c52a1dd444c16
182,1400,0.0588,0x442edd20fdaf8d00adb4a94665a1b2edfad915ef,2017-11-02T01:04:06.000Z,0.000042,0x47c48019752246c56434a69af290a8eb781b8e20,sell,0x90c88ccd74e57e016acae8ad1eaa12ecf4c06f33,0xc90b37d3582f886873612c00b133d4de437efdf231c67d1ac714fbcb9a471ccb
183,3301.7645299571327,0.137023227993221,0x36c02d72d2534a2bfe7b135d0888ccb6f62827b6,2017-11-02T01:03:26.000Z,0.00004149999999999999,0xbfdda32a856c2773a7b3fced50a6602a6bfa22c6,sell,0x90c88ccd74e57e016acae8ad1eaa12ecf4c06f33,0xe28c7741c5185321e13ae1ee2a125e8289dc23843fabf3386e82d12eec8df655
184,1223.408,0.0539522928,0xe0d463597d9a53a5fbb5d983427e23661cef6e58,2017-11-02T01:02:51.000Z,0.0000441,0x47c48019752246c56434a69af290a8eb781b8e20,sell,0x90c88ccd74e57e016acae8ad1eaa12ecf4c06f33,0xd942bec4bb5a6a14cf10e13d14697bb4feb9b1c1a0a20dfa933b7010d23187c6
185,854.4797506925703,0.03768255700554235,0xe0d463597d9a53a5fbb5d983427e23661cef6e58,2017-11-02T00:57:20.000Z,0.00004409999999999999,0xb17f0046a8382ef0e001e1233d92293d9dedfe3a,sell,0x90c88ccd74e57e016acae8ad1eaa12ecf4c06f33,0xe183f4205eef30d5d74130dfb5c245f56570400ff4fb75e83b696015caed639b
186,3922.111786134006,0.17296512976850967,0xe0d463597d9a53a5fbb5d983427e23661cef6e58,2017-11-02T00:49:01.000Z,0.00004409999999999999,0x356b3361de020a72e3be5ebd876c105a9caf0136,sell,0x90c88ccd74e57e016acae8ad1eaa12ecf4c06f33,0x2a748bc3c27d433d19320924a3bbed9cb1884997f26f75188a518592a7111f0b
187,3000,0.135,0x4a42f8134bc67bcaeb8dee1e5aad82d85290c419,2017-11-02T00:47:46.000Z,0.000045,0x356b3361de020a72e3be5ebd876c105a9caf0136,sell,0x90c88ccd74e57e016acae8ad1eaa12ecf4c06f33,0xf9addffb96d2a26876859038cd245a655d6de4a5319bba80ed6213fd52e0c819
188,2500,0.1125,0xfc5a616194dbd3c7152f2e2f3e23c3fd081cad98,2017-11-02T00:46:28.000Z,0.000045,0x356b3361de020a72e3be5ebd876c105a9caf0136,sell,0x90c88ccd74e57e016acae8ad1eaa12ecf4c06f33,0xa35819ad4b4519d7be1eb49fb38c7cc358351df7be8e6ee5f26fbc63fa9a6fa9
189,1000,0.045,0xfc5a616194dbd3c7152f2e2f3e23c3fd081cad98,2017-11-02T00:43:21.000Z,0.000045,0x80ad7165f29f97896a0b5758193879de34fd9712,sell,0x90c88ccd74e57e016acae8ad1eaa12ecf4c06f33,0x47eb57a1321fd435c7bfbce067b8442e32dfa522e26183244e4edf054c752c95
190,1663.0306357045595,0.07982547051381884,0x34d4ecd77d6378ebdda1c62a38881e4587109181,2017-11-02T00:41:16.000Z,0.00004799999999999999,0x356b3361de020a72e3be5ebd876c105a9caf0136,sell,0x90c88ccd74e57e016acae8ad1eaa12ecf4c06f33,0x308c648746481455f36c48b7fccb92539cb51d35ae78c8bba9451d8bb5a6fbd5
191,4999.616,0.224987719616,0x36ac32b737afb8c3f35056fd8ea1e68cff54208f,2017-11-02T00:39:58.000Z,0.000045001,0x356b3361de020a72e3be5ebd876c105a9caf0136,sell,0x90c88ccd74e57e016acae8ad1eaa12ecf4c06f33,0x47e6b5c8e5efa3ffeebe50a061e935dae267f847ec4b147de4f8dd24af39bae0
192,0.3836178825602749,0.000017263188333094,0x36ac32b737afb8c3f35056fd8ea1e68cff54208f,2017-11-02T00:39:29.000Z,0.00004500099999999757,0x155ac8c6cfb3926dc19d8a4c4669db775f2ee6c4,sell,0x90c88ccd74e57e016acae8ad1eaa12ecf4c06f33,0x1c3dda03ebe7463ff0b033fdd0ff0b0f64b92984b0e91b10d81b1ba2664cc092
193,3848.0709799621172,0.18470740703818164,0x34d4ecd77d6378ebdda1c62a38881e4587109181,2017-11-02T00:38:57.000Z,0.00004799999999999999,0x155ac8c6cfb3926dc19d8a4c4669db775f2ee6c4,sell,0x90c88ccd74e57e016acae8ad1eaa12ecf4c06f33,0x294b3e68fff500fe33911802bc04138468c0b8a2b0479c304b7aee8f2fc0e7d5
194,1775.9667434134967,0.08524817965059125,0xa00ce89912a904af47c8aaba902e9f8baace8515,2017-11-02T00:38:52.000Z,0.00004800099999999999,0x356b3361de020a72e3be5ebd876c105a9caf0136,sell,0x90c88ccd74e57e016acae8ad1eaa12ecf4c06f33,0x0a8c5d3b39a5864fc2887810526d74dc79f29821724584fa4aeebbee003895a7
195,9841.49137673213,0.47239158608314225,0x34d4ecd77d6378ebdda1c62a38881e4587109181,2017-11-02T00:34:07.000Z,0.00004799999999999999,0xccef1314ac229a0a3680dc4f02ca7ba8838140bc,sell,0x90c88ccd74e57e016acae8ad1eaa12ecf4c06f33,0x22d1f795f5ec586e3939b85c1e5861cc51269731d34eb00879fd9d90cd7b5600
196,2454.871362080283,0.11783382537985357,0xb99f72a8b0d3a5025ab8b2ca534973497af42899,2017-11-02T00:28:39.000Z,0.000048,0xb17f0046a8382ef0e001e1233d92293d9dedfe3a,buy,0x90c88ccd74e57e016acae8ad1eaa12ecf4c06f33,0xb4959dbe4e4cecc0a8492797433b780890fc33f62570b4bd433886b6f2121a17
197,3301.7645299571327,0.15848469743794238,0x34d4ecd77d6378ebdda1c62a38881e4587109181,2017-11-02T00:12:06.000Z,0.00004799999999999999,0x087c172696900e8bff0189f2979ed230d586ea45,sell,0x90c88ccd74e57e016acae8ad1eaa12ecf4c06f33,0xa36241a7cb72d33d3dbd0a35c4045bc59c1f7335c4e07c9866cddf36e1425136
198,1304.0332565865033,0.06259490034940875,0xa00ce89912a904af47c8aaba902e9f8baace8515,2017-11-02T00:01:47.000Z,0.00004800099999999999,0x086b45fa5ff7e6956b1bf4d8befd2232ce2145e7,sell,0x90c88ccd74e57e016acae8ad1eaa12ecf4c06f33,0x229fb1fcce4fc02b1af754b842ac6b0bd0235aec6b4dc3b429bc1722dbbac6d6
199,2977.9254607745693,0.15038523576911575,0xc327ce31232dfcceb7201786d6f2c3a6c90190f3,2017-11-01T23:49:02.000Z,0.0000505,0x40277acdd0eaf91d2257d5e1a6b9a248e6aba11a,buy,0x90c88ccd74e57e016acae8ad1eaa12ecf4c06f33,0x20913eb496ef1593a85450181b64f48aa10d3ca23e168f8959f5104f6e908d36
200,4542.780126727887,0.23168178646312224,0x3b07174592fba512424ffdd73b06c1889e194526,2017-11-01T23:30:40.000Z,0.000051,0x47d4cdabe4a8a1fdefc554a11f397fce6c100139,buy,0x90c88ccd74e57e016acae8ad1eaa12ecf4c06f33,0x3ed93ba17f8900b32ffd1b60bb6113a2a4bd05e032d531ccffc16866a53dfafa
201,23112.35170969993,1.1093928820655967,0x34d4ecd77d6378ebdda1c62a38881e4587109181,2017-11-01T23:30:20.000Z,0.00004799999999999999,0x7d6df8556afea421f6fe82233ab0bc9ed8a509f5,sell,0x90c88ccd74e57e016acae8ad1eaa12ecf4c06f33,0xdf40fdea9f46eeda177e48f9705f968977a0ddfdf17be9e9a49f413aa60bcb10
202,3301.7645299571327,0.15848469743794238,0x34d4ecd77d6378ebdda1c62a38881e4587109181,2017-11-01T23:27:44.000Z,0.00004799999999999999,0x21bbb4e43d8371007b2751e4acbeba88ff2efb99,sell,0x90c88ccd74e57e016acae8ad1eaa12ecf4c06f33,0x7c8b1fb7532848e57671f757fd7bd13690e493b8eab767cd6f5f053f3ba02a14
203,4931.526237986996,0.23671325942337584,0x34d4ecd77d6378ebdda1c62a38881e4587109181,2017-11-01T23:27:18.000Z,0.00004799999999999999,0x1098b62b22535c7eea2b3c2f6dd049677979d514,sell,0x90c88ccd74e57e016acae8ad1eaa12ecf4c06f33,0x421b28e7c22b577d387d08f1db94a5a91d379e71a4d0f098123c388e92906aaf
204,2800,0.1483972,0x2d1eb61ad0a8851931e45ede7c37838e00f60568,2017-11-01T23:21:29.000Z,0.000052999,0xa00ce89912a904af47c8aaba902e9f8baace8515,buy,0x90c88ccd74e57e016acae8ad1eaa12ecf4c06f33,0x54adb5f6ef5e261c7a9e130a4a14118d5e84660e0f917ca05ae130e9a43b1db4
205,2000,0.105994,0x2d1eb61ad0a8851931e45ede7c37838e00f60568,2017-11-01T23:20:14.000Z,0.000052997,0xd92ce5941305b7cf1e5cc5713b93db2b651a4fdf,buy,0x90c88ccd74e57e016acae8ad1eaa12ecf4c06f33,0xb41f0760c8dcb962cce1b8227dbb64f5b3b9e1b37e4ca58a5979591bd74d6f74
206,1881.041830719316,0.09969145494446231,0x10b754785c1fa374cca9a8eca2b5c75c62a27b3d,2017-11-01T23:07:55.000Z,0.000052998,0x74508b89e5d59c04b63b32dc6a62700daa027543,buy,0x90c88ccd74e57e016acae8ad1eaa12ecf4c06f33,0xb9b9b26da2714883716ae940158d38686cd22ea1556ea9229e259d1e46f997f7
207,2831.421553701917,0.14157107768509586,0xfa8eb4bd294e2f07e1bf238fb10bf29d8b64f62d,2017-11-01T22:47:23.000Z,0.00004999999999999999,0x9c1875fa2a0db875ef8b81e045d29ac6642a0857,sell,0x90c88ccd74e57e016acae8ad1eaa12ecf4c06f33,0x20e4315b1ec11b164ec83cc2d4ecc7b7fc322d3fc0ef85d5d41f19b95bd48c63
208,416.1599042966803,0.020807995214834014,0xcdd8dd39bfa6582d23c1cd13e86f1d3964f2d31e,2017-11-01T22:46:55.000Z,0.00004999999999999999,0x9c1875fa2a0db875ef8b81e045d29ac6642a0857,sell,0x90c88ccd74e57e016acae8ad1eaa12ecf4c06f33,0xa7f4da1c2226b50b33ad40fb8f43b5379d3b6351fb260dab2f3170f316e6bebf
209,668.578446298083,0.03342892231490415,0xfa8eb4bd294e2f07e1bf238fb10bf29d8b64f62d,2017-11-01T22:46:55.000Z,0.00004999999999999999,0x3a1bed00af8febae03f41c57dc712fdcaac03beb,sell,0x90c88ccd74e57e016acae8ad1eaa12ecf4c06f33,0x6182e7aa1639bf40993f339da22f319fd026ba28aecd677e8b88bd161519db76
210,9083.84009570332,0.45419200478516597,0xcdd8dd39bfa6582d23c1cd13e86f1d3964f2d31e,2017-11-01T22:39:54.000Z,0.00004999999999999999,0x2440cb52f4cbb73952be1eeb3fa3488cb2ca3e9f,sell,0x90c88ccd74e57e016acae8ad1eaa12ecf4c06f33,0xcfbd133bf2337f73b7b8645da86bd463e21e693788d786f87d1ad6b65d57fcf7
211,0.3137145391281,0.000018822872347686,0xb95a981abcf4ca69d36997204ed20e6624ad9b01,2017-11-01T22:39:45.000Z,0.00006,0x759a30b996675a03ec18e3db0bcf407f79d81cd5,buy,0x90c88ccd74e57e016acae8ad1eaa12ecf4c06f33,0xe312a6a3008d14451515194efff0d7c726639e7eb341b1cb687164295f43a9d0
212,3921.1645211923856,0.19605822605961928,0xb95a981abcf4ca69d36997204ed20e6624ad9b01,2017-11-01T22:34:40.000Z,0.00004999999999999999,0x243d25fa46782c9bcd20f306894f6774e095cfc5,sell,0x90c88ccd74e57e016acae8ad1eaa12ecf4c06f33,0xa26b2efd4fdcaf9153c1dbda67753fa127d6abfe17fcdd6304b7d71f9978c182
213,212.13198367215173,0.011136929142787966,0xe464521c1b525d1b24081fcd274e44e2341f1e31,2017-11-01T22:28:51.000Z,0.00005249999999999999,0x1e5d2feee346afe729c803839c222a3f4414bc9f,sell,0x90c88ccd74e57e016acae8ad1eaa12ecf4c06f33,0x0869e6763746a6b0a0ca9b0dab0809400c8bd18f6e9d107aecbd6f6d47619535
214,85.24156701551608,0.004475182268314593,0x5ce0b0e1eadd9a5ee2706c1e6a836ea53b74ec1e,2017-11-01T22:28:51.000Z,0.00005249999999999998,0x1e5d2feee346afe729c803839c222a3f4414bc9f,sell,0x90c88ccd74e57e016acae8ad1eaa12ecf4c06f33,0x9e212bf17bebfdf1eb81a6be8598f234c80369b207cc40b6a14b0dd7d66938cb
215,2971.820354607824,0.14859101773039118,0xb95a981abcf4ca69d36997204ed20e6624ad9b01,2017-11-01T22:27:45.000Z,0.00004999999999999999,0x619d290deed853e148ff9a32ba05ff1c8ebb4aa5,sell,0x90c88ccd74e57e016acae8ad1eaa12ecf4c06f33,0xa20fbaa7fd19d69f62c799bb29bf9d9ce70650611cf1fa1cae01888a337cb584
216,1000,0.05,0xb95a981abcf4ca69d36997204ed20e6624ad9b01,2017-11-01T22:22:45.000Z,0.00005,0x243d25fa46782c9bcd20f306894f6774e095cfc5,sell,0x90c88ccd74e57e016acae8ad1eaa12ecf4c06f33,0x0999a62a5a92bda9a7f2ff97fc963bcd2d98cbdfe756f18b176f8d08130cfb70
217,6603.529059914265,0.3301764529957133,0xb95a981abcf4ca69d36997204ed20e6624ad9b01,2017-11-01T22:20:36.000Z,0.00004999999999999999,0x3ea19c19e3d98af9de024a2a52fb50bcdf2f93ef,sell,0x90c88ccd74e57e016acae8ad1eaa12ecf4c06f33,0x705ca6187d881d831dcc1d4667a153d8c5e8cadd80b79f5b999fa91e4e50be49
218,8000,0.4,0xfc3d5c2f5af0ad6a7661c96d88813d60ea58b6a0,2017-11-01T22:18:32.000Z,0.00005,0x58afcc51434a3015e6499f843d15ac1860d2516e,buy,0x90c88ccd74e57e016acae8ad1eaa12ecf4c06f33,0xd5f26fac4e44770dc6e7b85a7f214ba4f20ac2667525218fa9da39a63dc3d241
219,800,0.0428,0x32b6d4dfbcf29d26d4dbb006a5b8eed2f699dfb7,2017-11-01T22:14:04.000Z,0.0000535,0x72ead6ca0e498b2cb40e7dda548d757f280cfd4a,buy,0x90c88ccd74e57e016acae8ad1eaa12ecf4c06f33,0x7118ac685bb1c33acb0d592966f4fabd2cef4cb0e91ff966a89291044c67b49f
220,5500,0.3025,0xfc3d5c2f5af0ad6a7661c96d88813d60ea58b6a0,2017-11-01T22:12:59.000Z,0.000055,0xfc3d5c2f5af0ad6a7661c96d88813d60ea58b6a0,buy,0x90c88ccd74e57e016acae8ad1eaa12ecf4c06f33,0x4de52be0410ac246b9159bbd230b8fea30b45c5ed12cb280491ebe3e238358a1
221,300.7676203768318,0.015038381018841591,0x1d5321e125f6c7079a716705541c7b371ca79e69,2017-11-01T22:10:25.000Z,0.00005,0x5c27f5a757e4ecc49c23040813ad147a0cf06a7d,buy,0x90c88ccd74e57e016acae8ad1eaa12ecf4c06f33,0x83ba06443c22d692a4ed741b50e9e385ce24550ee3882d7fc495e64af4135a74
222,299.8680163278483,0.015743070857212035,0xe464521c1b525d1b24081fcd274e44e2341f1e31,2017-11-01T22:10:25.000Z,0.00005249999999999999,0x1d5321e125f6c7079a716705541c7b371ca79e69,sell,0x90c88ccd74e57e016acae8ad1eaa12ecf4c06f33,0x83ba06443c22d692a4ed741b50e9e385ce24550ee3882d7fc495e64af4135a74
223,697.1346824842987,0.03659957083042568,0x68de453cf2db04a2c502d5e2b318becb3787ea13,2017-11-01T22:07:37.000Z,0.00005249999999999999,0x273a5d3e6721b9f5c1a6474f560c1334c63dda01,sell,0x90c88ccd74e57e016acae8ad1eaa12ecf4c06f33,0x7f742f4586c53125355aa8c22ec438ea972ae371563fe9418b8b918ae999fbc7
224,699.2323796231682,0.03496161898115841,0x273a5d3e6721b9f5c1a6474f560c1334c63dda01,2017-11-01T22:07:37.000Z,0.00005,0x5c27f5a757e4ecc49c23040813ad147a0cf06a7d,buy,0x90c88ccd74e57e016acae8ad1eaa12ecf4c06f33,0x7f742f4586c53125355aa8c22ec438ea972ae371563fe9418b8b918ae999fbc7
225,2745,0.150975,0xfc3d5c2f5af0ad6a7661c96d88813d60ea58b6a0,2017-11-01T22:04:30.000Z,0.000055,0xfc3d5c2f5af0ad6a7661c96d88813d60ea58b6a0,buy,0x90c88ccd74e57e016acae8ad1eaa12ecf4c06f33,0xd736df2340fb298ca043935c02ce3458c9da1ab26d1989608cfb28c045deeadd
226,3000,0.171,0xfc3d5c2f5af0ad6a7661c96d88813d60ea58b6a0,2017-11-01T22:04:30.000Z,0.000057,0xfc3d5c2f5af0ad6a7661c96d88813d60ea58b6a0,buy,0x90c88ccd74e57e016acae8ad1eaa12ecf4c06f33,0x8f7c318dd02669dbc466f9a4a11a7d07294eee828acab9725efde3a55a93e623
227,1390,0.074365,0x820d8e7b621bc73259a53aa8b4cc6e45b649227a,2017-11-01T22:02:08.000Z,0.0000535,0x72ead6ca0e498b2cb40e7dda548d757f280cfd4a,buy,0x90c88ccd74e57e016acae8ad1eaa12ecf4c06f33,0x603c78251930bd8d8aa7283fe6b488e6d837acf7716b27141399db09cf842a77
228,6777,0.359174223,0x820d8e7b621bc73259a53aa8b4cc6e45b649227a,2017-11-01T21:59:48.000Z,0.000052999,0xee8a389281f18c33c6c52ed3ec407529dfc08b27,buy,0x90c88ccd74e57e016acae8ad1eaa12ecf4c06f33,0x02bb575972319b6feb5c5951dd88ff988850fc6c30286f711bcb23aef159cb43
229,5503.486064285525,0.2751743032142763,0xb95a981abcf4ca69d36997204ed20e6624ad9b01,2017-11-01T21:55:36.000Z,0.00004999999999999999,0x1d8a54cca8c998af9ed83d5c4b548229e9336c8d,sell,0x90c88ccd74e57e016acae8ad1eaa12ecf4c06f33,0xc1f52aa21c1989256eba556cc699e4fe7cc6429733295fa78f012bfecb433d34
230,21200,1.0812,0xeae27624497502249fede203a968986eb73f51ea,2017-11-01T21:54:30.000Z,0.000051,0x3a1bed00af8febae03f41c57dc712fdcaac03beb,sell,0x90c88ccd74e57e016acae8ad1eaa12ecf4c06f33,0xb4c8d3082f51d21dc6775e3f5cd25980703344bcaa81ca499c04d774e07c4652
231,700,0.0371,0x7ae95541c6ec1862e3cd5bfcf12e50b120755c99,2017-11-01T21:52:07.000Z,0.000053,0x1d8a54cca8c998af9ed83d5c4b548229e9336c8d,sell,0x90c88ccd74e57e016acae8ad1eaa12ecf4c06f33,0xeb6f946e797ea46826b6b13e64b2720e8085e7e2143fbb6803ef70c30e9ed01a
232,18048.75676158756,0.9475597299833469,0x143fb1d367c9f210ddfea87b9a7bb9349b398d52,2017-11-01T21:51:01.000Z,0.00005249999999999999,0x1d8a54cca8c998af9ed83d5c4b548229e9336c8d,sell,0x90c88ccd74e57e016acae8ad1eaa12ecf4c06f33,0xed272ad44205d6c4b04fdc44831051e0b0f860fd49da888098b2edf89ac9cc4e
233,571.0074394321459,0.02997789057018766,0x143fb1d367c9f210ddfea87b9a7bb9349b398d52,2017-11-01T21:41:06.000Z,0.00005249999999999999,0x64ede2db96373b2b64e0a6c8d2adb4ec12422d1e,sell,0x90c88ccd74e57e016acae8ad1eaa12ecf4c06f33,0xd41dbc7578cd62af5e3903b314719f2605b710d2a6bcf5bed257f42393a8947b
234,3301.7645299571327,0.17334263782274947,0x143fb1d367c9f210ddfea87b9a7bb9349b398d52,2017-11-01T21:36:22.000Z,0.00005249999999999999,0x6fedd64864c47dda9b52692089f9c5fb07b796c1,sell,0x90c88ccd74e57e016acae8ad1eaa12ecf4c06f33,0xf3907eecb636a9fb43d3c88c1a87a24b44dc570d109627a67146643293e6d82d
235,2500,0.13125,0x143fb1d367c9f210ddfea87b9a7bb9349b398d52,2017-11-01T21:34:55.000Z,0.0000525,0x243d25fa46782c9bcd20f306894f6774e095cfc5,sell,0x90c88ccd74e57e016acae8ad1eaa12ecf4c06f33,0xee98de3fb03d70442f9248ea5b82a2f56e0136a3ae76f5851187069a24e2bcaa
236,15578.47126902316,0.817869741623716,0x143fb1d367c9f210ddfea87b9a7bb9349b398d52,2017-11-01T21:34:38.000Z,0.00005249999999999999,0x36c02d72d2534a2bfe7b135d0888ccb6f62827b6,sell,0x90c88ccd74e57e016acae8ad1eaa12ecf4c06f33,0xece65d4a09ff310bfecec8d900fe7d0ce841647472a77363cd15b27b37fab899
237,3082.8411595050347,0.16339058145376684,0xff88904338fe79cdd48a5292a3948559c4b60e95,2017-11-01T21:33:47.000Z,0.00005299999999999999,0x4a1ee0184f90b3673d76c12c89ff125449f4af63,sell,0x90c88ccd74e57e016acae8ad1eaa12ecf4c06f33,0xf07c1936fcb1d1453b98da1ca591ba4d341931c235adbfd0bfd5dbeade60e5dd
238,30300,1.59075,0x143fb1d367c9f210ddfea87b9a7bb9349b398d52,2017-11-01T21:33:22.000Z,0.0000525,0x8d5ebdf9d7107bd8c63e490fe616d4b89184807c,sell,0x90c88ccd74e57e016acae8ad1eaa12ecf4c06f33,0xac276d78987abebdc47bea2887fdb525e5609f699bd4632ba9076b635d5984e6
239,17000,0.9435,0x38c24ef0cca6319e71485697087556a3e61bb1ac,2017-11-01T21:21:14.000Z,0.0000555,0x3a1bed00af8febae03f41c57dc712fdcaac03beb,sell,0x90c88ccd74e57e016acae8ad1eaa12ecf4c06f33,0xe7e765784eb1c00de94077a2cfd0a2240df66d06dae73ab179b6f06cf0bf92cf
240,2582.900047596636,0.1368937025226217,0xb4ef62a512cf6ce2a548e5b4b88cfa8cd93e8aa3,2017-11-01T21:15:10.000Z,0.00005299999999999999,0x64ede2db96373b2b64e0a6c8d2adb4ec12422d1e,sell,0x90c88ccd74e57e016acae8ad1eaa12ecf4c06f33,0xf66bc07674529b682fc5b3db536ccf2af23f001774d8f3be9e748420552c3f4d
241,26868.5425181936,1.477769838500648,0xb5c94eddbcab209a45c743486ed7186972ad04e2,2017-11-01T21:12:45.000Z,0.00005499999999999999,0x143fb1d367c9f210ddfea87b9a7bb9349b398d52,sell,0x90c88ccd74e57e016acae8ad1eaa12ecf4c06f33,0xd8efc146e486bd0250217d5444114852bca5664bd1b7b5017cc12a490a6d7c45
242,39999.40370277322,2.215926965729934,0x8c89d729dfc93b84c539b34bece8910f6e663821,2017-11-01T21:12:00.000Z,0.00005539899999999999,0x143fb1d367c9f210ddfea87b9a7bb9349b398d52,sell,0x90c88ccd74e57e016acae8ad1eaa12ecf4c06f33,0xb7418d3369a9af6486af4f5a9c66fad9a14b74c891ec17f5e225af362c1dbb8f
243,0.5962972267776294,0.000033034270066253,0x8c89d729dfc93b84c539b34bece8910f6e663821,2017-11-01T21:10:59.000Z,0.0000553989999999985,0x3203dcfe147f49b69c8b0807721c6eb6afbed8e2,sell,0x90c88ccd74e57e016acae8ad1eaa12ecf4c06f33,0x3c858f1c4959f4c053464db47f44dcfd3ca2f35b7e670a0af897a9c168a8029f
244,5981.4574818064,0.328980161499352,0xb5c94eddbcab209a45c743486ed7186972ad04e2,2017-11-01T21:08:54.000Z,0.00005499999999999999,0x3203dcfe147f49b69c8b0807721c6eb6afbed8e2,sell,0x90c88ccd74e57e016acae8ad1eaa12ecf4c06f33,0x1b42517021fc78532682b06e15190f2261ad90b30665ad27e4a696dc933e241f
245,1200,0.066,0x32b6d4dfbcf29d26d4dbb006a5b8eed2f699dfb7,2017-11-01T21:01:41.000Z,0.000055,0x40108c3d8c3ae7809460e9f8a88de5e868ab6d02,buy,0x90c88ccd74e57e016acae8ad1eaa12ecf4c06f33,0xbe448dba5c1697a9289d56458c15b08b181dccd2c43bd8f853c625bb55dab42b
246,2112,0.11616,0xa4252e82894d1f089d92399ff59bd848c9fc88d7,2017-11-01T20:59:49.000Z,0.000055,0x40108c3d8c3ae7809460e9f8a88de5e868ab6d02,buy,0x90c88ccd74e57e016acae8ad1eaa12ecf4c06f33,0xdddd03f930aa7480de2442a3dc27e41bbb62610f6ee127d176723feedda0edbd
247,3297,0.1786974,0xa4252e82894d1f089d92399ff59bd848c9fc88d7,2017-11-01T20:59:04.000Z,0.0000542,0x476d86cd1cb1c267e0a2bf76328eefd3ab0e40e2,buy,0x90c88ccd74e57e016acae8ad1eaa12ecf4c06f33,0x465fddfe3fca5f20e89e047b9548b83ab907f55dc7fd3995a13318e63f648a79
248,2492.2739507526667,0.13209051938989133,0xb4ef62a512cf6ce2a548e5b4b88cfa8cd93e8aa3,2017-11-01T20:57:15.000Z,0.00005299999999999999,0xc847559681f261b9c1481df5ff4f4ae014317da0,sell,0x90c88ccd74e57e016acae8ad1eaa12ecf4c06f33,0x784011b6a66c33ec611dcf8f87933d8e98b558020c4595695bd0baf566fb2f2f
249,7,0.0003794,0x94b0bf6dd676f7b4884557735945b927535fd822,2017-11-01T20:51:07.000Z,0.0000542,0x476d86cd1cb1c267e0a2bf76328eefd3ab0e40e2,buy,0x90c88ccd74e57e016acae8ad1eaa12ecf4c06f33,0xf29ba2ce721a7229f06b5f15f103632d92b262a8cf4fd30cd6e44d6e17888661
250,7,0.0003794,0xe2b48b3dd0b33283b4802e63e65518f27e635054,2017-11-01T20:51:07.000Z,0.0000542,0x476d86cd1cb1c267e0a2bf76328eefd3ab0e40e2,buy,0x90c88ccd74e57e016acae8ad1eaa12ecf4c06f33,0x6cf946c617ff97a9223300fdc9c18b979db60c0965e7e906c63a63d8265bbc1e
251,3424.8259624614884,0.18151577601045887,0xb4ef62a512cf6ce2a548e5b4b88cfa8cd93e8aa3,2017-11-01T20:48:24.000Z,0.00005299999999999999,0x76be6d6ad321c7391f5736db90f4f76b8de74022,sell,0x90c88ccd74e57e016acae8ad1eaa12ecf4c06f33,0xd4c53d89f3896c0c2428db3194b284f906b9a96ed77ba1458d7078e495721da0
252,3312,0.1752048,0x76be6d6ad321c7391f5736db90f4f76b8de74022,2017-11-01T20:43:56.000Z,0.0000529,0x9a35805049c6bc553409e0daf71aa98e4ee97df9,buy,0x90c88ccd74e57e016acae8ad1eaa12ecf4c06f33,0xd855f7390cc1e2b556f2fdd87ef26e548c38bfc57cc1e54e240e645ec4af18f1
253,1833.6092072774024,0.09809809258934103,0x8c89d729dfc93b84c539b34bece8910f6e663821,2017-11-01T20:42:19.000Z,0.00005349999999999999,0x76be6d6ad321c7391f5736db90f4f76b8de74022,sell,0x90c88ccd74e57e016acae8ad1eaa12ecf4c06f33,0xc1129b18866226d606cdb38c6a95a323473fa98ae1d4c4c0ea385d9379b2d0c3
254,3301.7645299571327,0.17664440235270662,0x8c89d729dfc93b84c539b34bece8910f6e663821,2017-11-01T20:42:07.000Z,0.00005349999999999999,0x819a3d27853804e4ecf79b009b098cc384d96a43,sell,0x90c88ccd74e57e016acae8ad1eaa12ecf4c06f33,0xfd6725bb92ee96516046c1f18af2ce08f42b3ec133afc06487c894a03edfeac8
255,123.25956202439107,0.006471127006280531,0x76be6d6ad321c7391f5736db90f4f76b8de74022,2017-11-01T20:42:05.000Z,0.0000525,0x9064a603c5ad85eedbf1b2a9a782acd4e6b82591,buy,0x90c88ccd74e57e016acae8ad1eaa12ecf4c06f33,0xe2bbae51741bf103ea9cf1cd244796242f6bfe3dfe01fce9571011df6c99f8f2
256,0.000039189209360556,0.000000002077028096,0xb4ef62a512cf6ce2a548e5b4b88cfa8cd93e8aa3,2017-11-01T20:41:08.000Z,0.00005299999999720668,0x577488398a10dc5a07ad620a7294084e72f4f395,sell,0x90c88ccd74e57e016acae8ad1eaa12ecf4c06f33,0x386ccccba76152103feb700cdbc7dae983e8b8092c4658c0a4d1831c00f8f193
257,0.000039189209360556,0.000000002077028096,0xb4ef62a512cf6ce2a548e5b4b88cfa8cd93e8aa3,2017-11-01T20:40:47.000Z,0.00005299999999720668,0x577488398a10dc5a07ad620a7294084e72f4f395,sell,0x90c88ccd74e57e016acae8ad1eaa12ecf4c06f33,0x386ccccba76152103feb700cdbc7dae983e8b8092c4658c0a4d1831c00f8f193
258,30000,1.605,0x8c89d729dfc93b84c539b34bece8910f6e663821,2017-11-01T20:40:13.000Z,0.0000535,0x76be6d6ad321c7391f5736db90f4f76b8de74022,sell,0x90c88ccd74e57e016acae8ad1eaa12ecf4c06f33,0x590830619bc3ed61a3f58ca94f267de54d8fc958cbb8e18011cee5f2ddf16e90
259,3301.7645299571327,0.17664440235270662,0x8c89d729dfc93b84c539b34bece8910f6e663821,2017-11-01T20:39:59.000Z,0.00005349999999999999,0xc525b3af764879c01e082f65f8af3d38aee84430,sell,0x90c88ccd74e57e016acae8ad1eaa12ecf4c06f33,0x35882f44cd922b1fcc5c9b9c03082c0144af69d66019802084a8f706d0e19468
260,0.39310695909572957,0.000021031222311621,0x8c89d729dfc93b84c539b34bece8910f6e663821,2017-11-01T20:38:59.000Z,0.00005349999999999864,0x577488398a10dc5a07ad620a7294084e72f4f395,sell,0x90c88ccd74e57e016acae8ad1eaa12ecf4c06f33,0x981a601a4c2832ca94f439f41b88bcb82b720d71fa211db7b74a0a9634023877
261,3943.255906689263,0.21096419100787558,0x8c89d729dfc93b84c539b34bece8910f6e663821,2017-11-01T20:37:49.000Z,0.00005349999999999999,0x577488398a10dc5a07ad620a7294084e72f4f395,sell,0x90c88ccd74e57e016acae8ad1eaa12ecf4c06f33,0x69219ee2d7d6d334e7b37bddb403802dac87ecca4ae081ee1b883b1854b931b1
262,3300.767620376832,0.17329030006978366,0x68de453cf2db04a2c502d5e2b318becb3787ea13,2017-11-01T20:33:54.000Z,0.00005249999999999999,0x6fa941d2cd5a0f5cb9e55e81c4ffc9608f6c66cd,sell,0x90c88ccd74e57e016acae8ad1eaa12ecf4c06f33,0x7f96a2b758b899f0e2508c48bed55231441a6c324eac2514e21a9331ab75f41a
263,3000,0.1578,0xfc5a616194dbd3c7152f2e2f3e23c3fd081cad98,2017-11-01T20:27:53.000Z,0.0000526,0x64ede2db96373b2b64e0a6c8d2adb4ec12422d1e,sell,0x90c88ccd74e57e016acae8ad1eaa12ecf4c06f33,0x72f3604ad60b403195767d842195bf34411fd3511f0173aebcdd735a25ca7288
264,1695,0.0889875,0x5ce0b0e1eadd9a5ee2706c1e6a836ea53b74ec1e,2017-11-01T20:22:32.000Z,0.0000525,0xd92ce5941305b7cf1e5cc5713b93db2b651a4fdf,sell,0x90c88ccd74e57e016acae8ad1eaa12ecf4c06f33,0x7e96e5ca8e5fbe094164ca1e7bfd9bc77eef691bd7297286bc746415cc159162
265,2126.740437975609,0.11165387299371947,0x574cc61eda115e79338ee68937855395b5f8e54f,2017-11-01T20:17:29.000Z,0.0000525,0x9064a603c5ad85eedbf1b2a9a782acd4e6b82591,buy,0x90c88ccd74e57e016acae8ad1eaa12ecf4c06f33,0x6329dcfbdcd59fb645c4db8f183b22d2eef56b0d5d030b8e006f5de142a34603
266,2400,0.126,0x36c02d72d2534a2bfe7b135d0888ccb6f62827b6,2017-11-01T20:14:07.000Z,0.0000525,0x9064a603c5ad85eedbf1b2a9a782acd4e6b82591,buy,0x90c88ccd74e57e016acae8ad1eaa12ecf4c06f33,0x6d254fee75924f239af04a0ee53d3667a74e6679b69458384b04163050fcb843
267,5409.220470188199,0.28127946444978635,0x1d5321e125f6c7079a716705541c7b371ca79e69,2017-11-01T20:13:20.000Z,0.000052,0x564109f0557b21c23681a29bee0d58f2afa4b624,buy,0x90c88ccd74e57e016acae8ad1eaa12ecf4c06f33,0x60c7b6dacb94b14f907551fc02232708a941f65ec38b64f76413e1ea1abc63a1
268,5393.04134614975,0.28313467067286185,0x5ce0b0e1eadd9a5ee2706c1e6a836ea53b74ec1e,2017-11-01T20:13:20.000Z,0.00005249999999999999,0x1d5321e125f6c7079a716705541c7b371ca79e69,sell,0x90c88ccd74e57e016acae8ad1eaa12ecf4c06f33,0x60c7b6dacb94b14f907551fc02232708a941f65ec38b64f76413e1ea1abc63a1
269,1000,0.0525,0x5ce0b0e1eadd9a5ee2706c1e6a836ea53b74ec1e,2017-11-01T20:13:11.000Z,0.0000525,0x64ede2db96373b2b64e0a6c8d2adb4ec12422d1e,sell,0x90c88ccd74e57e016acae8ad1eaa12ecf4c06f33,0x13b1551ac8b2ae24e1c114ad060f2f4a9df5142fde501b7269b5ae63482866ef
270,4425,0.2296575,0x1d5321e125f6c7079a716705541c7b371ca79e69,2017-11-01T20:12:37.000Z,0.0000519,0x1d8a54cca8c998af9ed83d5c4b548229e9336c8d,buy,0x90c88ccd74e57e016acae8ad1eaa12ecf4c06f33,0x8823dc50a836657283f08282ba8c8fa4af90e360a446946b248b2772f9a3e5bd
271,4411.764705882353,0.23161764705882354,0x5ce0b0e1eadd9a5ee2706c1e6a836ea53b74ec1e,2017-11-01T20:12:37.000Z,0.00005249999999999999,0x1d5321e125f6c7079a716705541c7b371ca79e69,sell,0x90c88ccd74e57e016acae8ad1eaa12ecf4c06f33,0x8823dc50a836657283f08282ba8c8fa4af90e360a446946b248b2772f9a3e5bd
272,3075,0.1595925,0x2bd8e3040265f729d6fee3d80a19dad7a5724abf,2017-11-01T20:11:31.000Z,0.0000519,0x1d8a54cca8c998af9ed83d5c4b548229e9336c8d,buy,0x90c88ccd74e57e016acae8ad1eaa12ecf4c06f33,0xf427c8415f876fbde09c85378573d782bf54faeb402d4142f112117dcd093d03
273,9969.095803010667,0.45857840693849067,0x8c89d729dfc93b84c539b34bece8910f6e663821,2017-11-01T20:06:56.000Z,0.00004599999999999999,0x3e7d005ed164cc1b2066279cf625a0960281dfb2,sell,0x90c88ccd74e57e016acae8ad1eaa12ecf4c06f33,0x0a1cf1bc0b766d660f530991707c96fb5fc9063e89848604a56207abc2090d1d
274,3299.7707107965307,0.1517894526966404,0x8c89d729dfc93b84c539b34bece8910f6e663821,2017-11-01T20:04:53.000Z,0.00004599999999999999,0xd8c84eac995150662cc052e6ac76ec184fcf1122,sell,0x90c88ccd74e57e016acae8ad1eaa12ecf4c06f33,0x84afeec8a3b43589a663d2c9c1d9e62f0752413bdd3fa7769d8870d1bb5017be
275,1,0.0000542,0xfe4856ea92a3d9fe3691f332cb5344072ac061d1,2017-11-01T20:02:29.000Z,0.0000542,0x476d86cd1cb1c267e0a2bf76328eefd3ab0e40e2,buy,0x90c88ccd74e57e016acae8ad1eaa12ecf4c06f33,0xc5ec5514b6c106e3a43473c2b7aedb43f5d9a5647806318476091cbbe6fdca24
276,7219.899847961667,0.3739908121244143,0x8c89d729dfc93b84c539b34bece8910f6e663821,2017-11-01T19:56:31.000Z,0.0000518,0x3b07174592fba512424ffdd73b06c1889e194526,buy,0x90c88ccd74e57e016acae8ad1eaa12ecf4c06f33,0x09b8fe30b76b9c990bdd84ee490ab820deb793c8f1a2386eeb33fd97c542d5b1
277,199.99995231517323,0.010359997529925972,0xdc446d9fde07f1f477943afc96aa882a83b30861,2017-11-01T19:55:20.000Z,0.00005179999999999999,0x64ede2db96373b2b64e0a6c8d2adb4ec12422d1e,sell,0x90c88ccd74e57e016acae8ad1eaa12ecf4c06f33,0xdd449d45f8b376c857d60fe6ea75eee5c027d8923411b4e48de0537a4ed0fad5
278,1000,0.05,0x2f88ddaae6928df4f45bd14ad94c1aaa011cb1d3,2017-11-01T19:52:55.000Z,0.00005,0x3a1bed00af8febae03f41c57dc712fdcaac03beb,sell,0x90c88ccd74e57e016acae8ad1eaa12ecf4c06f33,0xd688fbd556f67b682b2d8b3405bf24a6ed2ca90a6e747302b65dd6c43c9ae4c5
279,0.000047684826774505,0.000000002470074026,0xdc446d9fde07f1f477943afc96aa882a83b30861,2017-11-01T19:52:36.000Z,0.00005179999998072009,0x6578d632e915444bd6499d4639e2bd44ee1d4957,sell,0x90c88ccd74e57e016acae8ad1eaa12ecf4c06f33,0xfec1738169014036b0b5aac8ff8db9a8efdda24d483614e21663478727fcd572
280,0.000152038333667953,0.000000007875585684,0x7ae95541c6ec1862e3cd5bfcf12e50b120755c99,2017-11-01T19:50:04.000Z,0.00005180000000000022,0x3b07174592fba512424ffdd73b06c1889e194526,buy,0x90c88ccd74e57e016acae8ad1eaa12ecf4c06f33,0xeca2abc7115a2e04823756695337f5ce0585a0e855365e12cb6b340c039b17d2
281,3301.7645299571327,0.14362675705313527,0x36c02d72d2534a2bfe7b135d0888ccb6f62827b6,2017-11-01T19:47:26.000Z,0.00004349999999999999,0x13e1f430a90d26270ea057c69bde71351b6dd85f,sell,0x90c88ccd74e57e016acae8ad1eaa12ecf4c06f33,0xf147dd4dd9e542d3ceed4e9a2a600169d8d0350a462023a82cbee2df552ccb0e
282,958.8399713398869,0.03739486435465244,0xfc5b5a90e6d724e5dd1c9c99b6b81c34544117b5,2017-11-01T19:38:30.000Z,0.00003900010999999999,0x61f4dba01e8e599481d75a93b154b7be96941f32,sell,0x90c88ccd74e57e016acae8ad1eaa12ecf4c06f33,0x64ee50777ec7989dd6c5769c24c3a984d52549212e988eb10761cbaf41173e4f
283,1000,0.04,0xeb3644cee0cef12ae7f58dca50a1d94d6480ad23,2017-11-01T19:37:11.000Z,0.00004,0x61f4dba01e8e599481d75a93b154b7be96941f32,sell,0x90c88ccd74e57e016acae8ad1eaa12ecf4c06f33,0xdebed794c3e88c9b9ca1ab4b5ae86b971ccc697cb0a511351ef411d66501c7fb
284,2090.779529811801,0.10872053555021363,0x529c9f294d65432e4d1c89bc2fbd2cc4385ea850,2017-11-01T19:36:43.000Z,0.000052,0x564109f0557b21c23681a29bee0d58f2afa4b624,buy,0x90c88ccd74e57e016acae8ad1eaa12ecf4c06f33,0x26b5f361ff2ce965f1edb35ad6fa78050a82148617d46a8315563dc6f143faf6
285,1336.9268442163104,0.053481084549185064,0x3e7d005ed164cc1b2066279cf625a0960281dfb2,2017-11-01T19:36:38.000Z,0.00004000299999999999,0x61f4dba01e8e599481d75a93b154b7be96941f32,sell,0x90c88ccd74e57e016acae8ad1eaa12ecf4c06f33,0x66b46fe17be35b7b51422976ca2ab5da773d1a80b0cd4dd20b03489b31610826
286,1000,0.0515,0x529c9f294d65432e4d1c89bc2fbd2cc4385ea850,2017-11-01T19:35:27.000Z,0.0000515,0x4cb48fa9a7c07b36fe5e666f2082b8e0ec2ffc1a,buy,0x90c88ccd74e57e016acae8ad1eaa12ecf4c06f33,0x8b536618d97c1129d24a78ede9ba11390d73b56d17065d999cde04d045e4cffd
287,3312,0.172224,0x529c9f294d65432e4d1c89bc2fbd2cc4385ea850,2017-11-01T19:35:27.000Z,0.000052,0x8f9afc0931303e8878e24ea8946156d260f217d8,buy,0x90c88ccd74e57e016acae8ad1eaa12ecf4c06f33,0x486efa9988fd405cceec0e7f11457d9c6fad139dcd200f33570dd21f81ee922c
288,2812,0.143412,0x529c9f294d65432e4d1c89bc2fbd2cc4385ea850,2017-11-01T19:35:15.000Z,0.000051,0xfcbfb1321cdbb8b472547f3fe73be4653ad1759a,buy,0x90c88ccd74e57e016acae8ad1eaa12ecf4c06f33,0xc6d57224fb916beb6c2f295af266d74a0efbf0433631220afef49e9f6cdf0c7b
289,1450,0.073805,0x529c9f294d65432e4d1c89bc2fbd2cc4385ea850,2017-11-01T19:34:42.000Z,0.0000509,0x442edd20fdaf8d00adb4a94665a1b2edfad915ef,buy,0x90c88ccd74e57e016acae8ad1eaa12ecf4c06f33,0xc22f901d70b83cadc328ee23d95ab2e3e01dce7fccdbd053db3be42556de19f7
290,500,0.0255,0xbce086dc26e799dc74ec0e2e5c6e351189d21a97,2017-11-01T19:28:19.000Z,0.000051,0xfcbfb1321cdbb8b472547f3fe73be4653ad1759a,buy,0x90c88ccd74e57e016acae8ad1eaa12ecf4c06f33,0x4e24ba80d8112f4040e953485f519d78a4763d256b22e68dd974e674dae3186a
291,522.8801096263169,0.020916773025381554,0x3e7d005ed164cc1b2066279cf625a0960281dfb2,2017-11-01T19:26:12.000Z,0.00004000299999999999,0x6c08eaed4964f1dc7f9650e90aef9de9277d6cb2,sell,0x90c88ccd74e57e016acae8ad1eaa12ecf4c06f33,0x9c1d2a05f1c69f7edb9fca39512862ff438a9b2bb5891e4dd0cf515b7ec0c4ce
292,3984,0.159371952,0x3e7d005ed164cc1b2066279cf625a0960281dfb2,2017-11-01T19:22:57.000Z,0.000040003,0x3a1bed00af8febae03f41c57dc712fdcaac03beb,sell,0x90c88ccd74e57e016acae8ad1eaa12ecf4c06f33,0x26301a8efc8e3f2f14b6b29877d30094c9bfe5555ee2387ebcf7fb51abad4f36
293,1156.1930461573727,0.04625119042543338,0x3e7d005ed164cc1b2066279cf625a0960281dfb2,2017-11-01T19:14:27.000Z,0.00004000299999999999,0x62891ad67b4b588041da1d4dc8f1760ac805569b,sell,0x90c88ccd74e57e016acae8ad1eaa12ecf4c06f33,0xe3a9b48ecda1c83e2dbfcc54b69bc22f036c7dd67a91537552c9f92dd0cd3a75
294,3000,0.120009,0x3e7d005ed164cc1b2066279cf625a0960281dfb2,2017-11-01T19:12:31.000Z,0.000040003,0xe403f32a9dad5b5c17aa68dc90abda2befd29dd7,sell,0x90c88ccd74e57e016acae8ad1eaa12ecf4c06f33,0x2f8ff85cffb7613e086ed154a120b61ceb8abb6a478a94055bdfed64e149baf5
295,100,0.0040001,0x1a178ea55cfed0295361c530824430f05e974a46,2017-11-01T19:07:13.000Z,0.000040001,0x6c08eaed4964f1dc7f9650e90aef9de9277d6cb2,sell,0x90c88ccd74e57e016acae8ad1eaa12ecf4c06f33,0xb3f04b11cd1870da9a4e2d63f9af2bf0d4bb78e16ed8cee22c6685db2745eb78
296,2679.1614776010383,0.11386436279804413,0x9064a603c5ad85eedbf1b2a9a782acd4e6b82591,2017-11-01T19:04:35.000Z,0.00004249999999999999,0x6c08eaed4964f1dc7f9650e90aef9de9277d6cb2,sell,0x90c88ccd74e57e016acae8ad1eaa12ecf4c06f33,0xef8557166f0deae67333a15c7b642e3dfe7355089dded685499b1a7f69f4740b
297,1970.8385223989617,0.08376063720195587,0x9064a603c5ad85eedbf1b2a9a782acd4e6b82591,2017-11-01T19:01:29.000Z,0.00004249999999999999,0x95b0ba82b55c627d44cc9a0ef71d26b84c901d39,sell,0x90c88ccd74e57e016acae8ad1eaa12ecf4c06f33,0x11c513b679a908e2153551f4d61d8f8d082f2756866386bdfb7dc1a356d28672
298,1512,0.0681912,0xf7ad633dafe13782e5edaeb45c3a14899acc0b4e,2017-11-01T18:59:54.000Z,0.0000451,0x9da84a5a4ef8b1afa080eb1d7487f18d59646cc4,buy,0x90c88ccd74e57e016acae8ad1eaa12ecf4c06f33,0xd04de84a075824c912ac9238237e9ee2dd3ea80b111b6deb092d21f825da610d
299,1518.496389014558,0.06848418714455656,0x14d6a9617a144ac2ee29a309862a3d88ba2820d6,2017-11-01T18:59:39.000Z,0.00004509999999999999,0x95b0ba82b55c627d44cc9a0ef71d26b84c901d39,sell,0x90c88ccd74e57e016acae8ad1eaa12ecf4c06f33,0xa3eaa48e4f81f2d5a3b55937950642349fada3683fdeed02d960770395883eeb
300,8150,0.420214,0xb5c94eddbcab209a45c743486ed7186972ad04e2,2017-11-01T18:44:32.000Z,0.00005156,0x1d8a54cca8c998af9ed83d5c4b548229e9336c8d,sell,0x90c88ccd74e57e016acae8ad1eaa12ecf4c06f33,0xd128dbc7fff96f8e2bcc6ee2098de8c58f20f3d61c82ce458880750308b28d57
301,414.40632962134924,0.01868972546592285,0x14d6a9617a144ac2ee29a309862a3d88ba2820d6,2017-11-01T18:33:24.000Z,0.00004509999999999999,0x2daf797758a4372812bc67d6d166b3a387dcfd78,sell,0x90c88ccd74e57e016acae8ad1eaa12ecf4c06f33,0xb1453a7d38e8c5b0960e2e9d35bdf29d3ec0f6c29017becd6bba0b649cf898bc
302,3000,0.138,0xd26c0059f2eaf35d0cd3389be87e2f715c21e02f,2017-11-01T18:32:55.000Z,0.000046,0x2daf797758a4372812bc67d6d166b3a387dcfd78,sell,0x90c88ccd74e57e016acae8ad1eaa12ecf4c06f33,0xbfb7e789a44e2f40410ce363fff625996a5688e596e80c7ad5f6ba7b9c9118bb
303,5000,0.23,0x87b53f4d4cb88a808504f2d4c13b93bfaf7510b6,2017-11-01T18:31:52.000Z,0.000046,0x2daf797758a4372812bc67d6d166b3a387dcfd78,sell,0x90c88ccd74e57e016acae8ad1eaa12ecf4c06f33,0x276e6a16e4027c5815404f9f27631d29c83b1e35f28316142d1b6f1c430db37f
304,11614.346557626815,0.5232263124210881,0x0e2fcafe0a0da19f14c57b875a96868e79977c47,2017-11-01T18:31:52.000Z,0.00004504999999999999,0x2daf797758a4372812bc67d6d166b3a387dcfd78,sell,0x90c88ccd74e57e016acae8ad1eaa12ecf4c06f33,0x1d905dd4840cd44e2f0d1c6609d6b81d23ebfb45cd5eded2426cd11105baf364
305,5000,0.235,0x1a7c4a6bff607d5e07045c69120ea6169da4810b,2017-11-01T18:30:47.000Z,0.000047,0x2daf797758a4372812bc67d6d166b3a387dcfd78,sell,0x90c88ccd74e57e016acae8ad1eaa12ecf4c06f33,0x0580ea41f75a26ea0ac235a00fea8cede9c0e30381048f8f2fdc95c0632f90c6
306,7500,0.35325,0xd4b8720675d9c676d492f3a11ab745b0e037fdce,2017-11-01T18:30:47.000Z,0.0000471,0x2daf797758a4372812bc67d6d166b3a387dcfd78,sell,0x90c88ccd74e57e016acae8ad1eaa12ecf4c06f33,0x24749262c354cb4c1851026dab71e3f78367adc32b268e08148682c70f51ac70
307,2500,0.1175,0xc847559681f261b9c1481df5ff4f4ae014317da0,2017-11-01T18:30:47.000Z,0.000047,0x2daf797758a4372812bc67d6d166b3a387dcfd78,sell,0x90c88ccd74e57e016acae8ad1eaa12ecf4c06f33,0x3532e35150756c7fcad3e780cc833bad29cb2f4091bafd196e8884953ff8cc36
308,883.1008987608457,0.04238972624141935,0x94672fd22324122677d94f9de45a9e592f46084d,2017-11-01T18:29:39.000Z,0.00004800099999999999,0x2daf797758a4372812bc67d6d166b3a387dcfd78,sell,0x90c88ccd74e57e016acae8ad1eaa12ecf4c06f33,0x81831a5fdec91b29fea6a01f91cf13a1a6c9818dbf41f655e26637eb8c88cc6c
309,0.3291560691812514,0.000015799820476769,0x94672fd22324122677d94f9de45a9e592f46084d,2017-11-01T18:24:00.000Z,0.00004800099999999924,0x18f02ccfb1d6ebee436b0881403d4d4eed2651ce,sell,0x90c88ccd74e57e016acae8ad1eaa12ecf4c06f33,0x40a1b6ab27ab6bbed1bf8e416416d66674fefa54a131d89eebef5759e27bff27
310,3301.7645299571327,0.15848799920247233,0x94672fd22324122677d94f9de45a9e592f46084d,2017-11-01T18:21:34.000Z,0.00004800099999999999,0x18f02ccfb1d6ebee436b0881403d4d4eed2651ce,sell,0x90c88ccd74e57e016acae8ad1eaa12ecf4c06f33,0x106b266f936554d99bfa6fd288374fd8fda7e51560052fcc48282e8af5a87c8e
311,0.9970089730807578,0.000055832502492522,0xc21e2dc25f7ebcf2eaee88d6a558a60acb471ada,2017-11-01T18:17:15.000Z,0.00005599999999999956,0x1d5321e125f6c7079a716705541c7b371ca79e69,sell,0x90c88ccd74e57e016acae8ad1eaa12ecf4c06f33,0x370ffcd1490327e9b4fd9b53d2db9e04a7d08ab7b02ec7571abdbb6f9cfd8c26
312,1,0.0000379,0x1d5321e125f6c7079a716705541c7b371ca79e69,2017-11-01T18:17:15.000Z,0.0000379,0xb1af0e69666e0430ce7f62abcccc95b1a0dd0cb6,buy,0x90c88ccd74e57e016acae8ad1eaa12ecf4c06f33,0x370ffcd1490327e9b4fd9b53d2db9e04a7d08ab7b02ec7571abdbb6f9cfd8c26
313,116.77185234346946,0.005791883876236085,0x6917383c86c9923aad3ec3ac2525d0bf7329e146,2017-11-01T18:16:40.000Z,0.00004959999999999999,0x4a1ee0184f90b3673d76c12c89ff125449f4af63,sell,0x90c88ccd74e57e016acae8ad1eaa12ecf4c06f33,0xf9b6023cc5c6d56d6f3edd6a182967c399731f35f6beb41425c96ea248c49380
314,3780,0.185598,0xde400bf71732605febc9ce9451a8b744953b1004,2017-11-01T18:16:40.000Z,0.0000491,0x4a1ee0184f90b3673d76c12c89ff125449f4af63,sell,0x90c88ccd74e57e016acae8ad1eaa12ecf4c06f33,0xba66c05d60685118ede2ce2784514da4c4031413140f6e915dca8c294b41d1e1
315,355.8062414054268,0.018146118311676767,0x9e0d20d9e67b788748c44f26eddf4c7e570e1f02,2017-11-01T18:03:57.000Z,0.00005099999999999999,0xfdf7c01650ea64dae1496d7be373af4c060d13a7,sell,0x90c88ccd74e57e016acae8ad1eaa12ecf4c06f33,0x32b737ad1bc03dc9894ff483bf8fcf1f50f7fbcbdf89e34863400be4b11dd5ee
316,9207.456883660652,0.46958030106669324,0x9e0d20d9e67b788748c44f26eddf4c7e570e1f02,2017-11-01T18:01:36.000Z,0.00005099999999999999,0x00077485e6ce60531f9766726141fa3debbcdcac,sell,0x90c88ccd74e57e016acae8ad1eaa12ecf4c06f33,0xedc57059001fbc7957b48a48fac39bedacfb074ce29882a5272deb4277c2064f
317,2304.8549496560663,0.11754760243245937,0x9e0d20d9e67b788748c44f26eddf4c7e570e1f02,2017-11-01T18:00:51.000Z,0.00005099999999999999,0x1de0ff221a62c5a292f2818f27671c10c5fe9b68,sell,0x90c88ccd74e57e016acae8ad1eaa12ecf4c06f33,0x1e0b6901d95eb478a7ad77f2f4f18a21aa72a7bfe7e40bf2f81b6d8ee72dae05
318,3301.7645299571327,0.16838999102781377,0x9e0d20d9e67b788748c44f26eddf4c7e570e1f02,2017-11-01T17:59:25.000Z,0.00005099999999999999,0xe47bbeac8f268d7126082d5574b6f027f95af5fb,sell,0x90c88ccd74e57e016acae8ad1eaa12ecf4c06f33,0x38b4fcfd0b41b19fb7b4dc2edaa119a64e85f082a6d974a8291771523d2ad2b0
319,1000,0.0555,0x2440cb52f4cbb73952be1eeb3fa3488cb2ca3e9f,2017-11-01T17:57:53.000Z,0.0000555,0x1de0ff221a62c5a292f2818f27671c10c5fe9b68,buy,0x90c88ccd74e57e016acae8ad1eaa12ecf4c06f33,0x3bb1dc2a9e0453480b1116aa7c86d005d6cb4d4da5d5084c4a0b7ab919041ebf
320,1312,0.073472,0xbb8603d204a02a2403ad861ffedfad45c21d8244,2017-11-01T17:53:48.000Z,0.000056,0x943731a9d3d336650815a7ce896e24016052274c,buy,0x90c88ccd74e57e016acae8ad1eaa12ecf4c06f33,0x2986e176b52fd44bf17ba6618ad6edc60955ed0c0345f4917116c3f7f8760187
321,1800,0.1008,0x2440cb52f4cbb73952be1eeb3fa3488cb2ca3e9f,2017-11-01T17:52:09.000Z,0.000056,0x8c8191b8505998d1b10b23ba736e6db6a47f48da,buy,0x90c88ccd74e57e016acae8ad1eaa12ecf4c06f33,0x24c5b5aa9f3f86589ee818dd4c0c0e5cb9816dc7b86db31d9a21e411420494a0
322,1307.9458678097897,0.06670523925829927,0x9e0d20d9e67b788748c44f26eddf4c7e570e1f02,2017-11-01T17:50:02.000Z,0.00005099999999999999,0xbd738420197ca6e0471320a2d6e62a3edeef5512,sell,0x90c88ccd74e57e016acae8ad1eaa12ecf4c06f33,0x6642d62c21d461cefff73fca3aeee19d762e2c3bf79fb8aa854653313034bd10
323,2000,0.1099998,0x2440cb52f4cbb73952be1eeb3fa3488cb2ca3e9f,2017-11-01T17:49:48.000Z,0.0000549999,0x36ac32b737afb8c3f35056fd8ea1e68cff54208f,buy,0x90c88ccd74e57e016acae8ad1eaa12ecf4c06f33,0x18db070b5a39beec3dd54b9bf70bfe335760723bdce4711f4dbd8e84dc483a06
324,3312,0.178848,0x2440cb52f4cbb73952be1eeb3fa3488cb2ca3e9f,2017-11-01T17:48:56.000Z,0.000054,0x22314348624cbe6cec28b8f26f41cc56e04f153a,buy,0x90c88ccd74e57e016acae8ad1eaa12ecf4c06f33,0x1ec30390e2d1f85af3dfadb729ebd04a3fa0a5fe22b050dd8215aa1fd54d68a5
325,1000,0.0539,0x2440cb52f4cbb73952be1eeb3fa3488cb2ca3e9f,2017-11-01T17:48:56.000Z,0.0000539,0x97c5c53f8acac416f87a884f6f923ae063ebaacd,buy,0x90c88ccd74e57e016acae8ad1eaa12ecf4c06f33,0x0c312f1c94d0e6eee5e9c50cf2e0bb525256e587b9f2c53e192c28cc1c2c306a
326,3312,0.172224,0x00077485e6ce60531f9766726141fa3debbcdcac,2017-11-01T17:48:08.000Z,0.000052,0xa6de8a4eab74e90dd405f03f72e022ab44bb7f35,buy,0x90c88ccd74e57e016acae8ad1eaa12ecf4c06f33,0x464fc8d604346624e275ed88b40f53ea3979301bf3818571e7b04e7e11d2d62c
327,2000,0.102,0x9e0d20d9e67b788748c44f26eddf4c7e570e1f02,2017-11-01T17:47:09.000Z,0.000051,0xd92ce5941305b7cf1e5cc5713b93db2b651a4fdf,sell,0x90c88ccd74e57e016acae8ad1eaa12ecf4c06f33,0x5d146edad9dea8979b44234ea929988602d4cb40627f2ab61119164dc646e444
328,47602.62431271481,2.4277338399484556,0x9e0d20d9e67b788748c44f26eddf4c7e570e1f02,2017-11-01T17:46:59.000Z,0.00005099999999999999,0x34d4ecd77d6378ebdda1c62a38881e4587109181,sell,0x90c88ccd74e57e016acae8ad1eaa12ecf4c06f33,0x30f26fa8616dba31ec2ad8ec18e7a5d0291b04cd99771244b4a09e643d58011e
329,13059.515501943974,0.6660352905991427,0x9e0d20d9e67b788748c44f26eddf4c7e570e1f02,2017-11-01T17:46:59.000Z,0.00005099999999999999,0xd4fbc28dc6e196a5e088e917aec77983145b0a84,sell,0x90c88ccd74e57e016acae8ad1eaa12ecf4c06f33,0xafcdffc5042f3b3d5f1218363494af6739cb53353be7dfa0a561a5f51e641591
330,3312,0.172224,0x00077485e6ce60531f9766726141fa3debbcdcac,2017-11-01T17:46:59.000Z,0.000052,0xbb8603d204a02a2403ad861ffedfad45c21d8244,buy,0x90c88ccd74e57e016acae8ad1eaa12ecf4c06f33,0x07bea846d29c13df84470be08bb73440e495073e838ff44ebe74841ae7a39e20
331,2612,0.134518,0x00077485e6ce60531f9766726141fa3debbcdcac,2017-11-01T17:46:01.000Z,0.0000515,0x38d750795fc3711dba7978e27bc6517785c06745,buy,0x90c88ccd74e57e016acae8ad1eaa12ecf4c06f33,0xe08f96e1db06214778f38b56b36e22a315e0c5a3366858dc11e66d1f84d2bc52
332,9936,0.511704,0x9e0d20d9e67b788748c44f26eddf4c7e570e1f02,2017-11-01T17:45:21.000Z,0.0000515,0x2440cb52f4cbb73952be1eeb3fa3488cb2ca3e9f,buy,0x90c88ccd74e57e016acae8ad1eaa12ecf4c06f33,0xf0421b50dae4e4a0a9a07aa35278f0b39b3e5d2b868a5ff474774e78aa345410
333,13100,0.64976,0xd4fbc28dc6e196a5e088e917aec77983145b0a84,2017-11-01T17:43:45.000Z,0.0000496,0x78dd37bb5fccb2e3844584152558fc8b75ac3cae,buy,0x90c88ccd74e57e016acae8ad1eaa12ecf4c06f33,0xd3592cf35e4e66021372c94836f923bb97bdc5257f8055b12d73108e14e4eac6
334,121.650972904853,0.08393917130434858,0x78ca01e98489160f8b59b876b6238ba2123cd572,2017-11-01T17:39:25.000Z,0.00069,0xb60eaa37fcf907629fd560526a69e206cdb0a2a3,buy,0x90c88ccd74e57e016acae8ad1eaa12ecf4c06f33,0xbef56f3d4f2913bb0a9d13f22af5461c46686cd4eb85b868f88a2bf040955d03
335,14920,0.765396,0x9e0d20d9e67b788748c44f26eddf4c7e570e1f02,2017-11-01T17:38:30.000Z,0.0000513,0x1e5d2feee346afe729c803839c222a3f4414bc9f,buy,0x90c88ccd74e57e016acae8ad1eaa12ecf4c06f33,0x8153b18aa8270b998788e80fe6e60b271b18d44c6ef81167bd5dba006e9cd5ca
336,35000,1.799,0x9e0d20d9e67b788748c44f26eddf4c7e570e1f02,2017-11-01T17:35:54.000Z,0.0000514,0x8d5ebdf9d7107bd8c63e490fe616d4b89184807c,buy,0x90c88ccd74e57e016acae8ad1eaa12ecf4c06f33,0xda599c896226af84a2ca7b97b1378cfb4a3508e66320eafd6922b5ec30d77bf9
337,1927,0.0990478,0x9e0d20d9e67b788748c44f26eddf4c7e570e1f02,2017-11-01T17:35:37.000Z,0.0000514,0xa109f942950dafa765507db55df70fbd7b4054bc,buy,0x90c88ccd74e57e016acae8ad1eaa12ecf4c06f33,0x1c90403e894ac47713b143506cc657a4a729a4598f62e55237da240e1af4ce5d
338,1000,0.06,0x78ca01e98489160f8b59b876b6238ba2123cd572,2017-11-01T17:32:13.000Z,0.00006,0xbfee897b96228c8eec63c8b7de4e59b0e8ad1832,buy,0x90c88ccd74e57e016acae8ad1eaa12ecf4c06f33,0xfb76f50b1fec761ac24086e20f1ca49d7d9eab4346a96ae69484a5d9eab238f7
339,2513.0408852557075,0.12062847553315921,0x94672fd22324122677d94f9de45a9e592f46084d,2017-11-01T17:32:13.000Z,0.00004800099999999999,0xcc5b1aa1a4db8c81e1eaaf3e5c56c622872ce8c9,sell,0x90c88ccd74e57e016acae8ad1eaa12ecf4c06f33,0x2a5ccafa77fec3d97f33d8f41a48bd64f2c59521fe86140130cc3ea770a720a2
340,19.99978937182923,0.001199967362520382,0x78ca01e98489160f8b59b876b6238ba2123cd572,2017-11-01T17:30:11.000Z,0.000059999,0xc21e2dc25f7ebcf2eaee88d6a558a60acb471ada,buy,0x90c88ccd74e57e016acae8ad1eaa12ecf4c06f33,0x4965d01df565690c4c720488a8fe3b28e94d33001088835c748020b54f0a8ea9
341,1062.483,0.0526991568,0x34d4ecd77d6378ebdda1c62a38881e4587109181,2017-11-01T17:28:39.000Z,0.0000496,0xcc5b1aa1a4db8c81e1eaaf3e5c56c622872ce8c9,sell,0x90c88ccd74e57e016acae8ad1eaa12ecf4c06f33,0x0ceb877200574d5da2bddccc1b745ba06c03c97a0f319a493ac53bce1c096a92
342,3028.413,0.148392237,0xa00ce89912a904af47c8aaba902e9f8baace8515,2017-11-01T17:28:12.000Z,0.000049,0xcc5b1aa1a4db8c81e1eaaf3e5c56c622872ce8c9,sell,0x90c88ccd74e57e016acae8ad1eaa12ecf4c06f33,0x0ed59277329950f794cd6ae824fde95d7576f544c55089dd306939eed97306f2
343,0.3291560691812514,0.00001632614103139,0x34d4ecd77d6378ebdda1c62a38881e4587109181,2017-11-01T17:24:02.000Z,0.00004959999999999978,0xe3d14079c3805ff8118dcd3c332baa8feaeb6e03,sell,0x90c88ccd74e57e016acae8ad1eaa12ecf4c06f33,0xea4fd2056a85b7e808eda5d3ffdef4c25deddfab995360c350a7ae2769e75101
344,3301.7645299571327,0.1637675206858738,0x34d4ecd77d6378ebdda1c62a38881e4587109181,2017-11-01T17:18:25.000Z,0.00004959999999999999,0xe3d14079c3805ff8118dcd3c332baa8feaeb6e03,sell,0x90c88ccd74e57e016acae8ad1eaa12ecf4c06f33,0x0aae77ab28ae5d0a54bb58698bf8dfd5df46b6f9fe6b3e7daa67a0a1c2710ec5
345,0.3291560691812514,0.00001632614103139,0x34d4ecd77d6378ebdda1c62a38881e4587109181,2017-11-01T17:18:03.000Z,0.00004959999999999978,0x067be47f0d4b8380ff41321e0911a66b2b1f893e,sell,0x90c88ccd74e57e016acae8ad1eaa12ecf4c06f33,0x2cd1be289784857bda2ea121bad466b0d6fcad2654bdf56ff95078fc9b0cb74e
346,600,0.03084,0x062fadf94ffbe2b1910894edb5fa55998974679e,2017-11-01T17:16:59.000Z,0.0000514,0xa109f942950dafa765507db55df70fbd7b4054bc,buy,0x90c88ccd74e57e016acae8ad1eaa12ecf4c06f33,0x6ab39bafcc53a2aa859887e65f41ecf3f0c84a60e85e9b7b041f1968efb62291
347,0.09931385039743648,0.000004925966979712,0x34d4ecd77d6378ebdda1c62a38881e4587109181,2017-11-01T17:16:44.000Z,0.00004959999999999144,0xcb20cfcd83997bdb2fe5d75b7c5a4d075171bec6,sell,0x90c88ccd74e57e016acae8ad1eaa12ecf4c06f33,0x09c19d9b1969d671f64863f87ddabe1260a6f05f4a6e11ed1e23a59da41ad797
348,3588.87448908384,0.17800817465855848,0x34d4ecd77d6378ebdda1c62a38881e4587109181,2017-11-01T17:15:46.000Z,0.00004959999999999999,0xf469dd6fd23b361b9a16020f0945f4a3eaeb9971,sell,0x90c88ccd74e57e016acae8ad1eaa12ecf4c06f33,0xf0cb4680012c9a80d2ccd412e9c9f084c1e8e8e76d64016c36f2cc81659f81c0
349,3301.7645299571327,0.1637675206858738,0x34d4ecd77d6378ebdda1c62a38881e4587109181,2017-11-01T17:15:46.000Z,0.00004959999999999999,0x067be47f0d4b8380ff41321e0911a66b2b1f893e,sell,0x90c88ccd74e57e016acae8ad1eaa12ecf4c06f33,0xf1f689e45b036294949daf902c6b686ad2a5c1d906b72d56a300e690c166d7bb
350,785,0.040349,0x062fadf94ffbe2b1910894edb5fa55998974679e,2017-11-01T17:15:43.000Z,0.0000514,0xa109f942950dafa765507db55df70fbd7b4054bc,buy,0x90c88ccd74e57e016acae8ad1eaa12ecf4c06f33,0x6b9819df5e5530c26612907e10617706855662230c0d62af595e7db1872a56cc
351,996.2172333366854,0.04941237477349959,0x34d4ecd77d6378ebdda1c62a38881e4587109181,2017-11-01T17:15:43.000Z,0.00004959999999999999,0xcb20cfcd83997bdb2fe5d75b7c5a4d075171bec6,sell,0x90c88ccd74e57e016acae8ad1eaa12ecf4c06f33,0x14259f0109c9cc818bca66e0d563c0ba704eac73c8753181773c82b9753d3df7
352,1000,0.0496,0x34d4ecd77d6378ebdda1c62a38881e4587109181,2017-11-01T17:12:40.000Z,0.0000496,0x97c5c53f8acac416f87a884f6f923ae063ebaacd,sell,0x90c88ccd74e57e016acae8ad1eaa12ecf4c06f33,0xfd60b82f9509bd9dc33b8e67ef3e4ed9ffd3f0f97a2bb7605ec8e5aa6e765b91
353,34498.138558817904,1.711107672517368,0x34d4ecd77d6378ebdda1c62a38881e4587109181,2017-11-01T17:07:03.000Z,0.00004959999999999999,0xee72cd07a36d08f5fafff2214857a8221a3314be,sell,0x90c88ccd74e57e016acae8ad1eaa12ecf4c06f33,0xe3b34b46ec99cb60390cdd383aef710fb0b0bcac0388c576b6bb0956bda0048d
354,1358.0785040162423,0.06790392520081212,0x7e20a4b16244f9f10f1f2b400eba8abf5568d46e,2017-11-01T17:06:52.000Z,0.00004999999999999999,0xee72cd07a36d08f5fafff2214857a8221a3314be,sell,0x90c88ccd74e57e016acae8ad1eaa12ecf4c06f33,0x25b1f7817fa1a094bdc455a688a223086fd4db29d66147cc4a81f65c43ce5783
355,1924.8094277561477,0.09624047138780738,0x7e20a4b16244f9f10f1f2b400eba8abf5568d46e,2017-11-01T17:06:10.000Z,0.00004999999999999999,0x34d4ecd77d6378ebdda1c62a38881e4587109181,sell,0x90c88ccd74e57e016acae8ad1eaa12ecf4c06f33,0xde68bcf86558d2c0eb55e7711153c6f819249197f2a395bd2290273fbf21f18b
356,3717.11206822761,0.1858556034113805,0x7e20a4b16244f9f10f1f2b400eba8abf5568d46e,2017-11-01T17:05:30.000Z,0.00004999999999999999,0xde400bf71732605febc9ce9451a8b744953b1004,sell,0x90c88ccd74e57e016acae8ad1eaa12ecf4c06f33,0x1a29f3f047ff8949eeb4eaf3205755c5db9a7e3a78376c443d9b33a1cbea790c
357,2174.746,0.113086792,0xb0aeca7f4ce4c7495e051a2ec206d62e13a9a479,2017-11-01T17:02:02.000Z,0.000052,0x34d4ecd77d6378ebdda1c62a38881e4587109181,sell,0x90c88ccd74e57e016acae8ad1eaa12ecf4c06f33,0x9d42d48f38f0141e1e63d8afefa1ec5c72285c5bb0150570a8ae83852a5a7db3
358,1250,0.062,0x34d4ecd77d6378ebdda1c62a38881e4587109181,2017-11-01T16:56:10.000Z,0.0000496,0x4a1ee0184f90b3673d76c12c89ff125449f4af63,sell,0x90c88ccd74e57e016acae8ad1eaa12ecf4c06f33,0x2c40284e391136352a7931b6cfd5dcbafb5ad1461c23bc183df98abeed8c0dce
359,200,0.0103,0xebc8d1c22fa86eca91707ee5332366c1a0b1b935,2017-11-01T16:54:53.000Z,0.0000515,0x38d750795fc3711dba7978e27bc6517785c06745,buy,0x90c88ccd74e57e016acae8ad1eaa12ecf4c06f33,0xc7f14775dd24505bb17f295ac39ff4474c07afd0ce430c1eaa6724f671bd5752
360,460,0.022816,0x712d4f7a633e613685881bd4264da45aac514a84,2017-11-01T16:51:31.000Z,0.0000496,0x2ae6686306e3e932f23a734cc26e7adb60f407f4,sell,0x90c88ccd74e57e016acae8ad1eaa12ecf4c06f33,0xd2bfa782ebc4593eb30706a73bc62dddad064ba4cce2c769272cd0ef0c82bd13
361,803.933,0.04019665,0x06c3e8aa604452f748a0846f5a229ff16efd9a5d,2017-11-01T16:47:18.000Z,0.00005,0x37f54a23c1bb87c46eba4e879cb19a4128ba4b99,sell,0x90c88ccd74e57e016acae8ad1eaa12ecf4c06f33,0x4524e7850db6a525ff7aecbe4d7cd6e6c358654090798ef3a713f0eef1ae61ec
362,127,0.006477,0x487e4844d749ca83a140dbcd4df0c150cee762f6,2017-11-01T16:46:54.000Z,0.000051,0x2ae6686306e3e932f23a734cc26e7adb60f407f4,sell,0x90c88ccd74e57e016acae8ad1eaa12ecf4c06f33,0x3edd0cad1ffa644b7978c6821f6ccaa8d28d9ae125dfe04df354b1ffa08848e1
363,1315,0.064435,0xa00ce89912a904af47c8aaba902e9f8baace8515,2017-11-01T16:40:27.000Z,0.000049,0x243d25fa46782c9bcd20f306894f6774e095cfc5,sell,0x90c88ccd74e57e016acae8ad1eaa12ecf4c06f33,0x377f8ff9680c2d2c0dc819a88a8b0f9fa79f41d53e88b940718d18e06ed7e972
364,997.153245538102,0.048860509031367,0xa00ce89912a904af47c8aaba902e9f8baace8515,2017-11-01T16:40:27.000Z,0.00004899999999999999,0x9e8696a3bafbcf1eb4329e11eb423c8f33977be4,sell,0x90c88ccd74e57e016acae8ad1eaa12ecf4c06f33,0xee467fc23943efb9018eada17b18b180b006700976cc2516cd2cf0de18334859
365,2000,0.108,0x66dc9c56c51f648d4e84519563a0729232b572c9,2017-11-01T16:37:56.000Z,0.000054,0x2ae6686306e3e932f23a734cc26e7adb60f407f4,sell,0x90c88ccd74e57e016acae8ad1eaa12ecf4c06f33,0x39256ed5e861b00ff881954f92f9fce8f5ef4b86a96da8d41748c36c84cb008a
366,2862,0.1431,0x34d4ecd77d6378ebdda1c62a38881e4587109181,2017-11-01T16:37:34.000Z,0.00005,0xb67bd20bf6a257209f14b1c61a1777c57e1ee050,sell,0x90c88ccd74e57e016acae8ad1eaa12ecf4c06f33,0x5d3a53ed972f67db616a7d6df70528d9d97dc302ad8caa6356a2f30b36a8740a
367,161.9772852309301,0.008827763664858542,0x9b89d2707cba6dd93fd3177cc2dca60654b27822,2017-11-01T16:36:47.000Z,0.00005450000999999999,0x2ae6686306e3e932f23a734cc26e7adb60f407f4,sell,0x90c88ccd74e57e016acae8ad1eaa12ecf4c06f33,0xd58e4dd23cce245c164db9ecde5647d6723fb1142d2017c21d8499392ed4397b
368,8450,0.460525,0x274e163ecf688a007c577bb37ceba6cd0087ebec,2017-11-01T16:34:28.000Z,0.0000545,0xce94b53893f7f88e8f9858c0d21944b9f9b0cf79,sell,0x90c88ccd74e57e016acae8ad1eaa12ecf4c06f33,0x5f225de618db35f3c45936599a837725ef2a286be2be29a27d5fa55a4189c30c
