,amount,amountBase,buyer,date,price,seller,side,tokenAddr,txHash
0,1163.2957830724,0.013379064801115672,0xe80eefd9eb693fdb70b3c1311eb438eedf94921b,2017-11-02T17:50:04.000Z,0.00001150099999999999,0xb2034dac4ebc83eccd61a13bbc425bd7066d5b9f,sell,0xe701cd3329057aea9d54300ddd05e41b8d74727a,0x1c29dffe6079528c848f6946496c7bae20290abdad89209cfe0ea4183e34fa75
1,1166.902,0.015169726,0x9a63a5c363275ec2c2f80af302c60a7809a1e1e2,2017-11-02T16:23:44.000Z,0.000013,0xf2eaaa55cf200165cec9530485474f79e435639c,buy,0xe701cd3329057aea9d54300ddd05e41b8d74727a,0x27f777925670d3ec8c66772b1cd455ab1d89c9c8218f38e54a1c57b9c396e4db
2,200,0.002302,0x9a63a5c363275ec2c2f80af302c60a7809a1e1e2,2017-11-02T16:19:59.000Z,0.00001151,0xe78629c3b71522a1b16d6f93af947e0361f0c013,buy,0xe701cd3329057aea9d54300ddd05e41b8d74727a,0xfd28a11754aa4010bc91563c51fb7f581991651e45cc698bd30350138ffca5c5
3,0.0000046557,0.00000000005354055,0xd5c72236ce19e1f55f37665d7aa76da0122148a8,2017-11-02T15:17:02.000Z,0.0000115,0xc8f0f7ee5ab3ef98804438550111bc2c115c96dc,sell,0xe701cd3329057aea9d54300ddd05e41b8d74727a,0x509b6f7483579d22bda7cf40ca35d080121c59123b4dfb7e4b727d32a37ee849
4,0.046701005,0.000000518894866555,0x6009502524cc23d9861056a1d2b2f89603b14bbc,2017-11-02T15:16:45.000Z,0.000011111,0xc8f0f7ee5ab3ef98804438550111bc2c115c96dc,sell,0xe701cd3329057aea9d54300ddd05e41b8d74727a,0x1f71c977f031525dddf584c6ff84a937d97ddce24cf204f18da7df1375ca253b
5,468.4577808792,0.0053872644801108,0xd5c72236ce19e1f55f37665d7aa76da0122148a8,2017-11-02T15:16:08.000Z,0.0000115,0xc8f0f7ee5ab3ef98804438550111bc2c115c96dc,sell,0xe701cd3329057aea9d54300ddd05e41b8d74727a,0x11cee1325e02689a66d092bdc657a2044c51056931971008beb89067bdecc62b
6,10502,0.179699722,0x2df16c35a052c369601307ab26c7e6795b5a9095,2017-11-02T14:36:18.000Z,0.000017111,0xb3b59030568db742ab8b63019007b67a4873aabc,buy,0xe701cd3329057aea9d54300ddd05e41b8d74727a,0xef55bb9cef6f866bc4efd1dc88152126ff9b2f5163bb4394350afb19ef4554d1
7,1732.67,0.0173267,0x42bc05153c285f20c2f1f04b281028e971437ff9,2017-11-02T13:48:07.000Z,0.00001,0x4d5cc38a54fed26be5a9b93c96d8e68669b4224f,sell,0xe701cd3329057aea9d54300ddd05e41b8d74727a,0x3dcc7d5fce89215690665a772e529246c1e0f257769f6168a3af64dcd292b559
8,200,0.002,0xc63b514b867efd064484dd4be238bcfed5aae54b,2017-11-02T13:48:07.000Z,0.00001,0x4d5cc38a54fed26be5a9b93c96d8e68669b4224f,sell,0xe701cd3329057aea9d54300ddd05e41b8d74727a,0x0da6190bf27a5a07c8e650d245ba8d8f7da37573ad9f770b52270b0d5ace3a7b
9,2830,0.0283,0xe78629c3b71522a1b16d6f93af947e0361f0c013,2017-11-02T13:47:00.000Z,0.00001,0x4d5cc38a54fed26be5a9b93c96d8e68669b4224f,sell,0xe701cd3329057aea9d54300ddd05e41b8d74727a,0x439da6fbac6af26eb0a3d2a15947501832222a6119f29fe3fc33c6ada0938b19
10,1162.396570631,0.0133675605622565,0xd5c72236ce19e1f55f37665d7aa76da0122148a8,2017-11-02T13:35:27.000Z,0.0000115,0x9fc0f3972b7dc6293fc4ff30eb3acf823092187f,sell,0xe701cd3329057aea9d54300ddd05e41b8d74727a,0x0c24a58cdd8ba81832d7c3f1c65bbde11068db2f5fee0f1e16d6dbb7f97fd8f6
11,3489.1835310537,0.04012561060711755,0xd5c72236ce19e1f55f37665d7aa76da0122148a8,2017-11-02T13:19:34.000Z,0.0000115,0x3ea19c19e3d98af9de024a2a52fb50bcdf2f93ef,sell,0xe701cd3329057aea9d54300ddd05e41b8d74727a,0x81e4a331d023320ac79eff96f8c6fac57962d37051a488d82406ab256090833c
12,2326.5923681847,0.02675581223412405,0xd5c72236ce19e1f55f37665d7aa76da0122148a8,2017-11-02T12:43:50.000Z,0.0000115,0x993154b65c2eda09e10e7687cf39ace5917da1f9,sell,0xe701cd3329057aea9d54300ddd05e41b8d74727a,0xfdda06f8403955a128bb02460388d1eff9f6d9dd497f58530578c536d8dfe28b
13,888.3231980859,0.01021571677798785,0xd5c72236ce19e1f55f37665d7aa76da0122148a8,2017-11-02T12:30:57.000Z,0.0000115,0x77259b80b0b7ecbfb7baaa675b9026fd3765f789,sell,0xe701cd3329057aea9d54300ddd05e41b8d74727a,0x360f8231070c7f8bb593fc8c3f94b9655ad14b48ccf7dd9f5a3d8552283d53d4
14,275,0.003575,0x42bc05153c285f20c2f1f04b281028e971437ff9,2017-11-02T12:29:05.000Z,0.000013,0x77259b80b0b7ecbfb7baaa675b9026fd3765f789,sell,0xe701cd3329057aea9d54300ddd05e41b8d74727a,0x82362acb28ccd1cfc87f02154fbbc6bc6ef3f0da6c8447a19c703fb3c747ae74
15,625,0.008125,0x42bc05153c285f20c2f1f04b281028e971437ff9,2017-11-02T10:26:37.000Z,0.000013,0x91e133541a36f5f0989a461f9bacc144ba541857,sell,0xe701cd3329057aea9d54300ddd05e41b8d74727a,0x1726d27fff48b703a22603160532074e136a7fce505ff792c22ee368b778e88e
16,537.013,0.007572420313,0xe78629c3b71522a1b16d6f93af947e0361f0c013,2017-11-02T10:24:50.000Z,0.000014101,0x91e133541a36f5f0989a461f9bacc144ba541857,sell,0xe701cd3329057aea9d54300ddd05e41b8d74727a,0xd1d3ab9f6fef0032550c09599a3d5a47d51522249acc89689bfc2120aad55c75
17,1114.27,0.02117113,0xad6311e899ca6b6e8f3a475a34a570a8706790b4,2017-11-02T09:18:09.000Z,0.000019,0x3379a0bd54f99041f5e4e4bd884b13bf47d3b73f,buy,0xe701cd3329057aea9d54300ddd05e41b8d74727a,0x6a5890f4a62352dadeff85ef0c8a87f77d91fd2c5006938a743d32ea88d86803
18,4200,0.0777,0xd5c72236ce19e1f55f37665d7aa76da0122148a8,2017-11-02T09:11:06.000Z,0.0000185,0x1d76c2a0f74838c67a87c58c0298bd0391ae4973,buy,0xe701cd3329057aea9d54300ddd05e41b8d74727a,0x66cde1878b64a2e2b684922a2ce49d9d29d10237cb386145cc13d64c8204ba3a
19,5299,0.0975016,0xd5c72236ce19e1f55f37665d7aa76da0122148a8,2017-11-02T09:10:37.000Z,0.0000184,0x5b490f40ea7cfad598423819a6a3d1154d273434,buy,0xe701cd3329057aea9d54300ddd05e41b8d74727a,0x5241d2e946a5b8d9823f5b8e3b3a953a8465668c69a1cb370706e606422e0287
20,2326.9028408505,0.025854217464689903,0x6009502524cc23d9861056a1d2b2f89603b14bbc,2017-11-02T09:03:08.000Z,0.00001111099999999999,0xe66d3694198499adb8380b949b062db5b3efb0ef,sell,0xe701cd3329057aea9d54300ddd05e41b8d74727a,0x430d6d7ae474a2b9c11dd4affc79c93faaf9ac5e831d46e6409d3c5ee41c0087
21,3600,0.0468,0x42bc05153c285f20c2f1f04b281028e971437ff9,2017-11-02T06:15:03.000Z,0.000013,0xca07d32354fd95a4198d24594010f95c759683d4,sell,0xe701cd3329057aea9d54300ddd05e41b8d74727a,0x5c532bd3140336394030d9960e308777ba649a068966fef61b93d55a61886591
22,26.3157894736,0.0005,0x3075f7f189912f4f425dd7021b9c396434197477,2017-11-02T06:04:58.000Z,0.0000190000000000608,0x3379a0bd54f99041f5e4e4bd884b13bf47d3b73f,buy,0xe701cd3329057aea9d54300ddd05e41b8d74727a,0x0d282813ae112c74c398bfa0a23296943193c58932d10e9a325637c1f649eee8
23,26.3157894736,0.0005,0x4fda9e6bcd83af6c5cc771b5d20accc2b7720074,2017-11-02T06:01:26.000Z,0.0000190000000000608,0x3379a0bd54f99041f5e4e4bd884b13bf47d3b73f,buy,0xe701cd3329057aea9d54300ddd05e41b8d74727a,0x9d8b2443e790425d9e05c7e7cc156f34f23887b00b5d7edb4bca822ad8ba3f7f
24,598.1457481806,0.00843385504934646,0xfc3d5c2f5af0ad6a7661c96d88813d60ea58b6a0,2017-11-02T05:23:11.000Z,0.0000141,0x88216428e5d63491e66711051e37eb47e7cda8d3,sell,0xe701cd3329057aea9d54300ddd05e41b8d74727a,0xca9b0e6c79890453aba0dceae0af8b5d42f7e957e4e184e6c353fd5b4b2d0b97
25,2970,0.041877,0xfc3d5c2f5af0ad6a7661c96d88813d60ea58b6a0,2017-11-02T04:54:44.000Z,0.0000141,0xc31e6dc679b23e89b1ba562717b54d4b5c5c8fec,sell,0xe701cd3329057aea9d54300ddd05e41b8d74727a,0xbc8e1d983c3f86be122035df923189daea559ffeabed2c40d6a9052a8dad7b95
26,1163.2957830724,0.01640247054132084,0xfc3d5c2f5af0ad6a7661c96d88813d60ea58b6a0,2017-11-02T04:31:16.000Z,0.0000141,0x1a7dc6d1c56650e56a61d5c1bb6d7408abc5f7b9,sell,0xe701cd3329057aea9d54300ddd05e41b8d74727a,0x497703d19191b12876cd57cc94dd92c12fc31eeccdba4fbe1fd4ddf77ce08ac2
27,1063.6151666055,0.01499697384913755,0xfc3d5c2f5af0ad6a7661c96d88813d60ea58b6a0,2017-11-02T03:40:48.000Z,0.0000141,0x3f08b42009a08827a0ad1389b396259a8deb8327,sell,0xe701cd3329057aea9d54300ddd05e41b8d74727a,0x831779d9c8b94592f39d6b42635b6a351455b1abbf0578011f25ca83db9c3ec9
28,99.6909580301,0.00140574219918244,0xe78629c3b71522a1b16d6f93af947e0361f0c013,2017-11-02T03:33:43.000Z,0.00001410099999999999,0x3f08b42009a08827a0ad1389b396259a8deb8327,sell,0xe701cd3329057aea9d54300ddd05e41b8d74727a,0xaf18a483719fe838faa4c5160d6057f6cf17b646aeab95d77aedc8b139790296
29,1163.2957830724,0.01640363383710391,0xe78629c3b71522a1b16d6f93af947e0361f0c013,2017-11-01T23:05:37.000Z,0.00001410099999999999,0xa839c6c2143fac413b4aa0134b200b84dfa1bb08,sell,0xe701cd3329057aea9d54300ddd05e41b8d74727a,0x68cf50b8f198db0c9b978f835a3f45d20d878fdec4329bc3880cfaaca5a8e568
30,2084.8090918153,0.02939580819459573,0xfc3d5c2f5af0ad6a7661c96d88813d60ea58b6a0,2017-11-01T22:30:51.000Z,0.0000141,0x9184c8ff9e07a301748304763bd35ebdec60b671,sell,0xe701cd3329057aea9d54300ddd05e41b8d74727a,0x25740f1a889caf45e75635149ffb89888e0bb7a236e443292d62a343a866a95d
31,1500,0.02175,0x5b490f40ea7cfad598423819a6a3d1154d273434,2017-11-01T22:28:51.000Z,0.0000145,0x9184c8ff9e07a301748304763bd35ebdec60b671,sell,0xe701cd3329057aea9d54300ddd05e41b8d74727a,0xffe19ee350b4851f6171d2f15c302d7c56b5b05f91b4a379c609f0b2cd608d54
32,1163.2957830724,0.01698411843285704,0xca580e8b9ac145063b82b677d5040fd68d335434,2017-11-01T22:11:26.000Z,0.0000146,0x1bc17feec575562e9666445da7b08343295219d3,sell,0xe701cd3329057aea9d54300ddd05e41b8d74727a,0x14cadca202106e4fbd24ff0883456203f41b8eb7f9801d3dd6def9e342d8f9b1
33,1226.2981961107,0.01802658348282729,0xca580e8b9ac145063b82b677d5040fd68d335434,2017-11-01T22:01:43.000Z,0.0000147,0xfbac48777902584e3a2a797500743a22c41cbd15,sell,0xe701cd3329057aea9d54300ddd05e41b8d74727a,0xcacefc5c6ee6a5d527c9c8115b16e2ee2b2f10e8006b4883d333755117d8cdce
34,498.814674509,0.006983405443126,0x5b490f40ea7cfad598423819a6a3d1154d273434,2017-11-01T19:54:06.000Z,0.000014,0x9c1b289210263135a61022624bd0d525d5befa12,sell,0xe701cd3329057aea9d54300ddd05e41b8d74727a,0x0af3cd2954d4f04a38c5132482f1308194a2befde2db2b0e8ba03a3e3d6ccf2b
35,1163.2957830724,0.015146111095602648,0xca580e8b9ac145063b82b677d5040fd68d335434,2017-11-01T18:55:37.000Z,0.00001302,0xa8b719f9c37c4d3543e71e0dc2d992c6a57da675,sell,0xe701cd3329057aea9d54300ddd05e41b8d74727a,0xe61419d2ca1812320737c5c2c5c849ca3688e40227eaca9936d54f0e733c720b
36,1162,0.015107162,0x107d35bdbb393d33d6d9ce4127883b057b8e6187,2017-11-01T17:30:04.000Z,0.000013001,0xb54c22a82c131b205954948b142f75db751f43c2,sell,0xe701cd3329057aea9d54300ddd05e41b8d74727a,0xf48df744df486db5a2f6c5b53c36e268caebc0d9ff100de5aabb34d00a584194
37,2178.3766551297,0.028776355614263338,0x107d35bdbb393d33d6d9ce4127883b057b8e6187,2017-11-01T17:18:25.000Z,0.00001321,0x34d4ecd77d6378ebdda1c62a38881e4587109181,sell,0xe701cd3329057aea9d54300ddd05e41b8d74727a,0xb21b9e411e97487676cf6c1767232da26befffa249f3198eb6ce6ab5ac987c2b
38,2182,0.028804582,0x34d4ecd77d6378ebdda1c62a38881e4587109181,2017-11-01T16:50:46.000Z,0.000013201,0x65b5ad128a7bf7ee32320d1453a4888c798c162a,sell,0xe701cd3329057aea9d54300ddd05e41b8d74727a,0x310ad077a164298980a741e7487e73d31373b1b25c2581bbb3f4097d6efa9f5d
39,7673.4076363274,0.10136571487588496,0xca580e8b9ac145063b82b677d5040fd68d335434,2017-11-01T16:48:32.000Z,0.00001321,0x65b5ad128a7bf7ee32320d1453a4888c798c162a,sell,0xe701cd3329057aea9d54300ddd05e41b8d74727a,0x78be13d4ef3a63e19a11f9e489b24d5c33343034c301384bd09a07ee24d4bbd6
40,2326.5923636726,0.030734285124115045,0xca580e8b9ac145063b82b677d5040fd68d335434,2017-11-01T16:04:10.000Z,0.00001321,0x92f012808e3ac2161e8e863e4e55201044e64e85,sell,0xe701cd3329057aea9d54300ddd05e41b8d74727a,0xe9cd9df152fc989d1322af9966a6254c7374f75887895a60ae5ad782d1052771
41,840.1,0.0193223,0xb6a8c5331b234818bdfd542e7974372d2dd293f2,2017-11-01T13:52:45.000Z,0.000023,0x65b5ad128a7bf7ee32320d1453a4888c798c162a,buy,0xe701cd3329057aea9d54300ddd05e41b8d74727a,0x9d4153886aefd4372368c663bbd3bf74dc758b1dffcd3838eee85f71f8dc299a
42,1166.902,0.023336873098,0xb6a8c5331b234818bdfd542e7974372d2dd293f2,2017-11-01T13:48:44.000Z,0.000019999,0x7f91ef30100398243ff2d8eb8e5512c688bb8b61,buy,0xe701cd3329057aea9d54300ddd05e41b8d74727a,0x5d79952e732a844b14b14b0e8d54bb6ad0c8710e9999fa81dd99d6ce759aa9fc
43,1163.2961863484,0.014541202329355,0xca580e8b9ac145063b82b677d5040fd68d335434,2017-11-01T13:38:45.000Z,0.0000125,0x4cb8c00b2f1e0d40856496f8f16b41e7a0e4de1c,sell,0xe701cd3329057aea9d54300ddd05e41b8d74727a,0xafa15f3a0364506f7041c45b022c64bec085181062f94fa41e294245a8fe8d73
44,1699.1048739046,0.04884926512475864,0xabad6980fc92299d1f0a8d9d9299a66c3eeddf1a,2017-11-01T12:25:27.000Z,0.00002875000000000081,0x5b490f40ea7cfad598423819a6a3d1154d273434,buy,0xe701cd3329057aea9d54300ddd05e41b8d74727a,0xa20cd95a5355a199f2c93fa202ecada4ef247d9ad7e19bb629723e3e51719489
45,0.5962972267,0.00000662605478309,0x6c4abceb16c95785c332e79213e5f143ba4e33a3,2017-11-01T11:22:12.000Z,0.00001111199999999932,0x1a4cfe7277bfdbd108ef42a3db9e8a1c05428c6c,sell,0xe701cd3329057aea9d54300ddd05e41b8d74727a,0x9094fbfa4c5303c6605f5735d0bb7b3bd4ebae2558e3617d94f4a3736debef78
46,611.902,0.01346796302,0x840a8a90e7458b10a7582e4fdffd3cb4a9ac7c0e,2017-11-01T10:30:20.000Z,0.00002201,0x12be693054c534b2a03f65294a644111cbd02069,buy,0xe701cd3329057aea9d54300ddd05e41b8d74727a,0xfed666ed3fce0c74ab93a89e21f1be0ab81d3f88dab83c6327a7890104dbdf24
47,1163.2957830724,0.011634121126507071,0x6c4abceb16c95785c332e79213e5f143ba4e33a3,2017-11-01T10:02:26.000Z,0.00001000099999999999,0xc592f48de2c33de713aaa614186929db982ee3f5,sell,0xe701cd3329057aea9d54300ddd05e41b8d74727a,0x5e8ba17af190a1cabf806667d82149de68455716ce58dac66908859fe7a79733
48,1163.2957830724,0.011634121126507071,0x6c4abceb16c95785c332e79213e5f143ba4e33a3,2017-11-01T09:49:04.000Z,0.00001000099999999999,0x6b0fe6de273c848d8cc604587c589a847e9b5df8,sell,0xe701cd3329057aea9d54300ddd05e41b8d74727a,0x72be4696276351c1cf10cc348e0acfe1988d1815cbcfa9e99838096b7d9c1f7c
49,1887.159,0.03774318,0x73cfbeddec176a7aade57f0ed5a4cef95dd85fca,2017-11-01T09:04:02.000Z,0.00002,0x6c4abceb16c95785c332e79213e5f143ba4e33a3,sell,0xe701cd3329057aea9d54300ddd05e41b8d74727a,0xd36b6bb1b8b4c6d03fbe69c0c2335b8d72c7c7ad8fcb9d1ba805711623ed95e5
50,4500,0.09,0x670a926d3df6ebdb69ef39dc50d9d33f36eaf6f7,2017-11-01T08:59:54.000Z,0.00002,0x6c4abceb16c95785c332e79213e5f143ba4e33a3,sell,0xe701cd3329057aea9d54300ddd05e41b8d74727a,0xc8edf1e4f656ad837c145893e8ea6bd38a87453d49518d30110aac51b50705de
51,5000,0.1075,0x5b490f40ea7cfad598423819a6a3d1154d273434,2017-11-01T08:59:50.000Z,0.0000215,0x6c4abceb16c95785c332e79213e5f143ba4e33a3,sell,0xe701cd3329057aea9d54300ddd05e41b8d74727a,0x650f7994f2c1209c9b9cbec52b06c2622bc226e35f249316e101170894d027bc
52,163.3958773064,0.003596343259513864,0x65b5ad128a7bf7ee32320d1453a4888c798c162a,2017-11-01T08:40:12.000Z,0.00002201,0xf208916c9ae317cb2254e09f7957d5b4d3a484c2,sell,0xe701cd3329057aea9d54300ddd05e41b8d74727a,0x077127c4a0362ab90c22189f01adc669e93e067e36d9b2112e5b7189bdea4b92
53,1000,0.02201,0x65b5ad128a7bf7ee32320d1453a4888c798c162a,2017-11-01T08:37:09.000Z,0.00002201,0xf208916c9ae317cb2254e09f7957d5b4d3a484c2,sell,0xe701cd3329057aea9d54300ddd05e41b8d74727a,0xab9d934d4ec38aa46cb67369fe23edf365be492d6f9229880b6012bc61c050ed
54,1166.902,0.024504942,0x0cd2795a623adeb9370e2895e8d7526a6e4c556d,2017-11-01T08:16:29.000Z,0.000021,0xfee44660fb9db688bb3c6eec10113faa7722161e,buy,0xe701cd3329057aea9d54300ddd05e41b8d74727a,0x3eb62411918403d436956eb56cc1d88b39963dc0225a9755ce793c9cca48e1d4
55,1163.4117647058,0.02560669294117466,0x65b5ad128a7bf7ee32320d1453a4888c798c162a,2017-11-01T08:16:29.000Z,0.00002201,0x0cd2795a623adeb9370e2895e8d7526a6e4c556d,sell,0xe701cd3329057aea9d54300ddd05e41b8d74727a,0x3eb62411918403d436956eb56cc1d88b39963dc0225a9755ce793c9cca48e1d4
56,3153.3342818307,0.06940488754309371,0x65b5ad128a7bf7ee32320d1453a4888c798c162a,2017-11-01T06:28:14.000Z,0.00002201,0xf04588fa7a38fe2ac48762b32b0cbe97eed9675e,sell,0xe701cd3329057aea9d54300ddd05e41b8d74727a,0xd5ede76b53e1666a13a6f61e5210d122295950316605051434a676515f7a3300
57,2000,0.04402,0x65b5ad128a7bf7ee32320d1453a4888c798c162a,2017-11-01T06:12:26.000Z,0.00002201,0x062fadf94ffbe2b1910894edb5fa55998974679e,sell,0xe701cd3329057aea9d54300ddd05e41b8d74727a,0x0b50d28a0fbde09c31d63b77b9bed9547db1d0ee80e9d1f5f6570de7f5a9f0bc
58,1163.2957830724,0.025604140185423525,0x65b5ad128a7bf7ee32320d1453a4888c798c162a,2017-11-01T05:46:45.000Z,0.00002201,0xc85073bb45458a69e1af1184d3691f6b15bc6cc2,sell,0xe701cd3329057aea9d54300ddd05e41b8d74727a,0x3efea7028899b3df69ebda995d1094707b3807b0d5deb3fec78bd7ad9f8a1b4b
59,1102.7428202572,0.024271369473860972,0x65b5ad128a7bf7ee32320d1453a4888c798c162a,2017-11-01T04:26:14.000Z,0.00002201,0xefaff3c81a10e700fb992cbed55e83e242477f45,sell,0xe701cd3329057aea9d54300ddd05e41b8d74727a,0x29cc2217de5e122db9c95878a9376ef24523ec9e5086cbd284ea11dab4ea9dcc
60,60.559,0.001392857,0x18a8769df875e830bef960e1b82729b5180461ce,2017-11-01T03:52:59.000Z,0.000023,0xefaff3c81a10e700fb992cbed55e83e242477f45,sell,0xe701cd3329057aea9d54300ddd05e41b8d74727a,0x39af664423125b0dce7804709737f85f8b5f044e3666209b105ae9a14f3ffae7
61,555,0.01221555,0x3421c555a64032f3bb56c0f1236138dc88ae4c7f,2017-11-01T03:49:14.000Z,0.00002201,0x12be693054c534b2a03f65294a644111cbd02069,buy,0xe701cd3329057aea9d54300ddd05e41b8d74727a,0x9120c30ba61a798aa1ef87e049c37f64e6c3798255342be3f782e43678f88f94
62,979.1741401654,0.021551622825040456,0x65b5ad128a7bf7ee32320d1453a4888c798c162a,2017-11-01T03:15:47.000Z,0.00002201,0x9a4254471f3d9b807d7f6d7ea5dab42417cc394f,sell,0xe701cd3329057aea9d54300ddd05e41b8d74727a,0xd60430be314edcaab15c07a87caea7d47489d00230507dbd6825eb6d845c5b6c
63,184.14,0.0046035,0x66851e8b5c58441ae95e8196241fadae919d2fad,2017-11-01T03:14:23.000Z,0.000025,0x9a4254471f3d9b807d7f6d7ea5dab42417cc394f,sell,0xe701cd3329057aea9d54300ddd05e41b8d74727a,0xb31a3064708f4839d4c09056efa6a4a2cc6de9d84f83b284cfab72d81b6aa10f
64,1069.0059456607,0.0245871367501961,0x18a8769df875e830bef960e1b82729b5180461ce,2017-11-01T02:39:25.000Z,0.000023,0x9803199ae56ab38845d5ff14a656d8e7f16f0b2d,sell,0xe701cd3329057aea9d54300ddd05e41b8d74727a,0x60dd51f2c7c32443a8176a26fc1a5ab1c716dd81574c57678c501bed2017462b
65,1999.884,0.045997332,0x18a8769df875e830bef960e1b82729b5180461ce,2017-11-01T02:37:47.000Z,0.000023,0x9803199ae56ab38845d5ff14a656d8e7f16f0b2d,sell,0xe701cd3329057aea9d54300ddd05e41b8d74727a,0x095a6a5d3fa6486d66dfa681f89c918c3c3db706292ef54d3dd38400ee83601e
66,1837.701,0.042267123,0x9073b79e9e41aa7e928659247a4d1d5cba5734a3,2017-11-01T02:37:47.000Z,0.000023,0x9803199ae56ab38845d5ff14a656d8e7f16f0b2d,sell,0xe701cd3329057aea9d54300ddd05e41b8d74727a,0x3adb283ce03115ab50d152e113eba4c10100565cb3ebeeb792008c8dbe39ed75
67,2000,0.046,0x66dc9c56c51f648d4e84519563a0729232b572c9,2017-11-01T02:37:47.000Z,0.000023,0x9803199ae56ab38845d5ff14a656d8e7f16f0b2d,sell,0xe701cd3329057aea9d54300ddd05e41b8d74727a,0xa0fefd992661369e2bfc77e1c930f121ae5bd649fa804a091e021c23b4d688f6
68,5000,0.1175,0x5b490f40ea7cfad598423819a6a3d1154d273434,2017-11-01T02:36:30.000Z,0.0000235,0x9803199ae56ab38845d5ff14a656d8e7f16f0b2d,sell,0xe701cd3329057aea9d54300ddd05e41b8d74727a,0x44b11cad2fffa1a8126db9d40cd17c7a2ebd4e6e2e11d6b5109fff93c95b1dee
69,1280.1425598035,0.0320035639950875,0x66851e8b5c58441ae95e8196241fadae919d2fad,2017-11-01T02:23:32.000Z,0.000025,0x14a875a19add6b3c8d0873029b5bb165b4f9ffca,sell,0xe701cd3329057aea9d54300ddd05e41b8d74727a,0x5db3a7ff3430729b411c47e8d53a7336b078576f0d53561cd9da2cf0b7f4793c
70,1163.2957830724,0.02908239457681,0x66851e8b5c58441ae95e8196241fadae919d2fad,2017-11-01T02:12:41.000Z,0.000025,0x1b45f312db4d85e9f93989207c035fff6baa653f,sell,0xe701cd3329057aea9d54300ddd05e41b8d74727a,0x4bf8cd2632c2669776dc9fb0b9043fba2b522ce42323804f9a6b13beb5fb9cd2
71,2326.2507120251,0.0581562678006275,0x66851e8b5c58441ae95e8196241fadae919d2fad,2017-11-01T01:15:31.000Z,0.000025,0x07f44e667b4d2034ab4b5e28b179b0e87624b1b8,sell,0xe701cd3329057aea9d54300ddd05e41b8d74727a,0x2ce81674a994fb9ad25e14ee76e14234e8d58515d69d4cf7bba0829395ebe975
72,1166,0.02915,0x07f44e667b4d2034ab4b5e28b179b0e87624b1b8,2017-10-31T23:32:13.000Z,0.000025,0xb866d6df7a4e1689976cae515550ced54de18ad3,buy,0xe701cd3329057aea9d54300ddd05e41b8d74727a,0x75287ec2637b797ad77e048a061f5a339f11c07bde538677287ad0b249a5199d
73,1846.170870302,0.04615427175755,0x66851e8b5c58441ae95e8196241fadae919d2fad,2017-10-31T22:58:58.000Z,0.000025,0xab45233b06b1d1f452901661f6a931c9da663cc0,sell,0xe701cd3329057aea9d54300ddd05e41b8d74727a,0x6f22b4333b1669b1c4b47d0c95c4afd663c27f252f512fb9077f693a2beb8491
74,9335,0.2776229,0x2df16c35a052c369601307ab26c7e6795b5a9095,2017-10-31T22:33:02.000Z,0.00002974,0x655381ceca07302df06fc99c24e3c3ebc8555796,buy,0xe701cd3329057aea9d54300ddd05e41b8d74727a,0xbe39a6e40e6d4cee6a944dac920eb1d2053876b49e2722ca8694056a65a8ae60
75,1163.2957830724,0.02908239457681,0x1d76c2a0f74838c67a87c58c0298bd0391ae4973,2017-10-31T22:09:54.000Z,0.000025,0x132948dd4d9445dcf52f0393b6dc447cd9a07710,sell,0xe701cd3329057aea9d54300ddd05e41b8d74727a,0xd293188b933faf7a60e335dde32c76ff7395b82f16529bf506d80a8029c291a9
76,1163.2961863484,0.02908240465871,0x1d76c2a0f74838c67a87c58c0298bd0391ae4973,2017-10-31T22:07:45.000Z,0.000025,0x760de42737a127d5f2d8dba00399db569fb60cd9,sell,0xe701cd3329057aea9d54300ddd05e41b8d74727a,0x525eb40217383c169d8ba2171ba1a8a549c785d6bd667c45c1a7bd4c969df7f5
77,234.5703009696,0.006978466453847228,0xabad6980fc92299d1f0a8d9d9299a66c3eeddf1a,2017-10-31T21:59:53.000Z,0.00002975000000000694,0x0f1c873c71b3299e222b1ab8604b41b9dadcb2f1,buy,0xe701cd3329057aea9d54300ddd05e41b8d74727a,0x8b92e05fa699869f8aa5a5ccb16460d5569a98e95b5216064fc3fc2ec1952335
78,1163.2957830724,0.02908239457681,0x1d76c2a0f74838c67a87c58c0298bd0391ae4973,2017-10-31T21:45:06.000Z,0.000025,0xe5ae6ae033f076d3d5661c279651e648780a9869,sell,0xe701cd3329057aea9d54300ddd05e41b8d74727a,0x0cc7ab67e39fba47d958d5b9df3fa2400a4aecf8c97926c3bc43d22787ce5ef5
79,700,0.0175,0x1d76c2a0f74838c67a87c58c0298bd0391ae4973,2017-10-31T21:39:21.000Z,0.000025,0x02c98790042baaf7a67c35181f40c40ba7334adc,sell,0xe701cd3329057aea9d54300ddd05e41b8d74727a,0xc38d24ad0a3f20da70bc30b5a18d7da04f80b58008a4e27bc463ebf8332d66f2
80,201.854866323,0.0050867426313396,0xc6d63792fba47ed3dcab5ce7df14d6b5c1ed9f86,2017-10-31T21:37:57.000Z,0.0000252,0x02c98790042baaf7a67c35181f40c40ba7334adc,sell,0xe701cd3329057aea9d54300ddd05e41b8d74727a,0x7b870653201625525a90f676cb5e7c4b05f18ab1c8e1f0cba882bf060b381f11
81,10502,0.31232948,0x2df16c35a052c369601307ab26c7e6795b5a9095,2017-10-31T21:35:44.000Z,0.00002974,0x02101e5c837ce229b7c7c090d3901e44ec0fd61e,buy,0xe701cd3329057aea9d54300ddd05e41b8d74727a,0x44799622567317c2d6a1b08c93cf6a7ce3fcb224756856d08c2f60ae88a6578c
82,1163.2961863484,0.02931506389597968,0xc6d63792fba47ed3dcab5ce7df14d6b5c1ed9f86,2017-10-31T20:33:14.000Z,0.0000252,0xcca72ddc853ad38eae133c924732327ae834ede1,sell,0xe701cd3329057aea9d54300ddd05e41b8d74727a,0x1c968671c4183bcafcc5071f7629ac7596406daec84a5c84facc3df98fbecb08
83,0.1159700711,0.00000292244579172,0xc6d63792fba47ed3dcab5ce7df14d6b5c1ed9f86,2017-10-31T20:32:30.000Z,0.0000252,0x0c16bc745fde16093d73b7544d5bf30a1341b796,sell,0xe701cd3329057aea9d54300ddd05e41b8d74727a,0xcd0d52a90fed869f5b09eb40bbed1b6f9828c52537f630ae1b2b26501f52ad8a
84,1163.2957830724,0.02931505373342448,0xc6d63792fba47ed3dcab5ce7df14d6b5c1ed9f86,2017-10-31T18:55:30.000Z,0.0000252,0x9291a9f87d5912e44eb1118a39bd63c3a9001e01,sell,0xe701cd3329057aea9d54300ddd05e41b8d74727a,0x0a8fb0b72bd52c741f770ff3ec1246bb7e944b388089a3432c62658ddc395307
85,4808.1414111127,0.12116516356004003,0xc6d63792fba47ed3dcab5ce7df14d6b5c1ed9f86,2017-10-31T18:40:15.000Z,0.0000252,0x005522409da76f48f2bd77cd51d3f558d514ccd1,sell,0xe701cd3329057aea9d54300ddd05e41b8d74727a,0x302969102d9be78bc6925812dc49d7a218be7511e31730863d61f3b1ef69dbcd
86,5000,0.12625,0x5b490f40ea7cfad598423819a6a3d1154d273434,2017-10-31T18:38:34.000Z,0.00002525,0x005522409da76f48f2bd77cd51d3f558d514ccd1,sell,0xe701cd3329057aea9d54300ddd05e41b8d74727a,0xff4710b3b91ffc6f0686d0cdfb2600c7b1bc722c457f07b0634d90d9d97d9151
87,1163.2957830724,0.02931505373342448,0xc6d63792fba47ed3dcab5ce7df14d6b5c1ed9f86,2017-10-31T17:16:49.000Z,0.0000252,0xb1cd4caee91590056c4bcb8fa67fa6914df4101b,sell,0xe701cd3329057aea9d54300ddd05e41b8d74727a,0x9bec2d7726ebc47c04e348729559c9a0b94ef1b5999372f9649fa6abe0bbdda3
88,1163.2957830724,0.02919988745090031,0xa656fab6aa963f983269abbef599a97bcd07dc46,2017-10-31T17:10:02.000Z,0.00002510099999999999,0x4a8fc60c79e304388912be40c8ec078fa21aa348,sell,0xe701cd3329057aea9d54300ddd05e41b8d74727a,0xa322acdbd18bdb13b4b956bd9ade8de7c44740d1febde5ba5f7026d77be5ea1a
89,1162.8140295652,0.029187794956116085,0xa656fab6aa963f983269abbef599a97bcd07dc46,2017-10-31T16:57:30.000Z,0.00002510099999999999,0x0ab17678a8146d6848c8ad9a2b168fd6c2bdb2f6,sell,0xe701cd3329057aea9d54300ddd05e41b8d74727a,0x01df1da06df440bcdac2dc961d0586dbf99ed474ffcd3a670594fb980a465264
90,0.0000000402,0.000000000000884802,0x65b5ad128a7bf7ee32320d1453a4888c798c162a,2017-10-31T16:28:20.000Z,0.00002201,0x7616bb991081160eb20ff62ba47da6e54f5c8728,sell,0xe701cd3329057aea9d54300ddd05e41b8d74727a,0x45f3159951c8534743cdbe33d2a936745e959b1c0586f440adb79991997de0ee
91,2825.313,0.08475939,0x73ef6a3b70cd95c775faa1eef0691aa6800584e6,2017-10-31T15:49:18.000Z,0.00003,0x425c175006022c2f5d3e9e0d7c186d93238d64fb,sell,0xe701cd3329057aea9d54300ddd05e41b8d74727a,0xaff310cc29c7d12bb5a2656173aa6b12f69538c192aaaf80c40487f7aed009ae
92,732,0.02562,0x73ef6a3b70cd95c775faa1eef0691aa6800584e6,2017-10-31T15:32:11.000Z,0.000035,0x0b7d16e5d41a8361ab37e36974e738cb2ea9cb9c,buy,0xe701cd3329057aea9d54300ddd05e41b8d74727a,0xce2fcc33310a56d98f763565440de886ac4b148d18e1c94c7273e7e4f4b45f52
93,1166.902,0.040840403098,0x73ef6a3b70cd95c775faa1eef0691aa6800584e6,2017-10-31T15:32:11.000Z,0.000034999,0x579be428e844f1ff7ae5c5f265f43f0510c539b3,buy,0xe701cd3329057aea9d54300ddd05e41b8d74727a,0x0a0aebd24664a10bc7755e23decbff9886d89376fe3abe29ee1571420291b6c1
94,7720,0.268656,0x73ef6a3b70cd95c775faa1eef0691aa6800584e6,2017-10-31T15:31:44.000Z,0.0000348,0x1d76c2a0f74838c67a87c58c0298bd0391ae4973,buy,0xe701cd3329057aea9d54300ddd05e41b8d74727a,0x8c8b37768fccbea7608c110046250422b887283fbb3c5d31f948357aced1ff9e
95,1166.902,0.0406665347,0x73ef6a3b70cd95c775faa1eef0691aa6800584e6,2017-10-31T15:31:44.000Z,0.00003485,0x3e14a47df87a919f9262d4edbfad01d7e2d6a700,buy,0xe701cd3329057aea9d54300ddd05e41b8d74727a,0x5cf399c77861f382b57d51df6499775b168915f677707a0a2b20efca258fb1fb
96,0.0004032759,0.00000001294515639,0xa7c5a812e42a5b8ec3caff07a3b6563b837263d3,2017-10-31T15:27:48.000Z,0.0000321,0x7616bb991081160eb20ff62ba47da6e54f5c8728,sell,0xe701cd3329057aea9d54300ddd05e41b8d74727a,0xa894fd80883f09e919ec6633a377e865f6f01df6d79748ed5f7ade59de4afa7e
97,3200,0.11136,0xa7c5a812e42a5b8ec3caff07a3b6563b837263d3,2017-10-31T15:18:58.000Z,0.0000348,0x1d76c2a0f74838c67a87c58c0298bd0391ae4973,buy,0xe701cd3329057aea9d54300ddd05e41b8d74727a,0xe36cae9034f7d3216384b381b6dafab910a7f8abdad853b4b741ec6f2a72420a
98,3000,0.1044,0x73ef6a3b70cd95c775faa1eef0691aa6800584e6,2017-10-31T15:13:41.000Z,0.0000348,0x1d76c2a0f74838c67a87c58c0298bd0391ae4973,buy,0xe701cd3329057aea9d54300ddd05e41b8d74727a,0xd0bdf3b6b2d80bb330ae46ce84a6344e5a3a1b7ba28c7b0b357677e383dc1903
99,1166.902,0.039674668,0x73ef6a3b70cd95c775faa1eef0691aa6800584e6,2017-10-31T15:12:27.000Z,0.000034,0x5a2cb8072702910e232b08c7ed712bb1d96320d6,buy,0xe701cd3329057aea9d54300ddd05e41b8d74727a,0x117f9d68bc5d398225bff28658acd660b6496a2f91283186c2340c776fe3d243
100,0.00003,3,0xa7c5a812e42a5b8ec3caff07a3b6563b837263d3,2017-10-31T15:08:05.000Z,100000,0x273a5d3e6721b9f5c1a6474f560c1334c63dda01,sell,0xe701cd3329057aea9d54300ddd05e41b8d74727a,0xaf46e5143a64f7bdd797642c32dcbc853ad0f441f69f2e34161de22ac57dd4fe
101,1166.902,0.039674668,0x425c175006022c2f5d3e9e0d7c186d93238d64fb,2017-10-31T15:06:43.000Z,0.000034,0x69af0e2fd016ce77fd54703f1ac4d052e4369d07,buy,0xe701cd3329057aea9d54300ddd05e41b8d74727a,0xab0af277b038f011a76bd8473a1b19df5ebfe2da9dd957a2295c09d3bee51f3e
102,1166.902,0.0401997739,0x425c175006022c2f5d3e9e0d7c186d93238d64fb,2017-10-31T15:06:43.000Z,0.00003445,0xffca506375f110152359c8de5a0e2f3590fa1ce3,buy,0xe701cd3329057aea9d54300ddd05e41b8d74727a,0x626a659e6360f615632677768d6614bc198c2e6084fd021363325611dfab8f13
103,1166,0.039061,0x425c175006022c2f5d3e9e0d7c186d93238d64fb,2017-10-31T15:06:43.000Z,0.0000335,0x3797b3b26688d9c6f19c7c0b97ee26f2d7c9b28c,buy,0xe701cd3329057aea9d54300ddd05e41b8d74727a,0xb9a99316838767059562cb8f83d47d5027e9ba8358b0d05e0fe8cd611f5c4c9b
104,1999.99,0.064999675,0x425c175006022c2f5d3e9e0d7c186d93238d64fb,2017-10-31T15:06:09.000Z,0.0000325,0x5b490f40ea7cfad598423819a6a3d1154d273434,buy,0xe701cd3329057aea9d54300ddd05e41b8d74727a,0x54cdac98ddf402fd13773d0bf584ab2db8fc1bebf9f3f854d89d942352bed0e4
105,6000,0.198,0x425c175006022c2f5d3e9e0d7c186d93238d64fb,2017-10-31T15:06:09.000Z,0.000033,0xda8be99300ab04a99e46f6e818286d2c23baafba,buy,0xe701cd3329057aea9d54300ddd05e41b8d74727a,0xc9b08002d03c6d083e41b4c1fe6fbac49210a89a2791398d736827fa7d47e971
106,5890.998,0.17672994,0x425c175006022c2f5d3e9e0d7c186d93238d64fb,2017-10-31T15:05:55.000Z,0.00003,0x6c54af8b8e4fcdc50b1fedd366dc18aaa965f8b3,buy,0xe701cd3329057aea9d54300ddd05e41b8d74727a,0x9ff0bf50e649fe685d92043507bb94517b4e48dbbcb27d7a8595c8a5c4ee900b
107,1166,0.03498,0x73ef6a3b70cd95c775faa1eef0691aa6800584e6,2017-10-31T15:04:50.000Z,0.00003,0x40108c3d8c3ae7809460e9f8a88de5e868ab6d02,buy,0xe701cd3329057aea9d54300ddd05e41b8d74727a,0x7f1678952ec1cd29e0b57c9e95db57bfc9efe3ca755544b64d07f1ab37e56e5d
108,250,0.0075,0x73ef6a3b70cd95c775faa1eef0691aa6800584e6,2017-10-31T15:03:40.000Z,0.00003,0x7616bb991081160eb20ff62ba47da6e54f5c8728,buy,0xe701cd3329057aea9d54300ddd05e41b8d74727a,0x657ee7ff2059553b4bc4b1dec81191a27531e8db07fc92e43055a4103380e61d
109,3499,0.1039203,0x73ef6a3b70cd95c775faa1eef0691aa6800584e6,2017-10-31T15:02:39.000Z,0.0000297,0x6e20fc98c86d303fa8d3dc182fa739cde1046faf,buy,0xe701cd3329057aea9d54300ddd05e41b8d74727a,0x4414d5cca83356ed7e7bab8ee9e20046800d3c78d41805a1122b3d00adeb3422
110,9999.99,0.28999971,0x73ef6a3b70cd95c775faa1eef0691aa6800584e6,2017-10-31T15:02:25.000Z,0.000029,0x78a4cc57929c751652270ebad9970f5b84a2f884,buy,0xe701cd3329057aea9d54300ddd05e41b8d74727a,0x74d2d870a3fcb40a78fe196ba396f1e41322f534fe92919e7e9cb1e65e384759
111,963.9138670122,0.024097846675305,0x005522409da76f48f2bd77cd51d3f558d514ccd1,2017-10-31T14:31:36.000Z,0.000025,0x7eba78f19bc4477eafdc29f46f6975490e54531d,sell,0xe701cd3329057aea9d54300ddd05e41b8d74727a,0x8fee89f1aa01af8d5be1bcc059af60c37c09fbf10c0ce2687cb675d7842f5d2f
112,1166.902,0.02917255,0x07f44e667b4d2034ab4b5e28b179b0e87624b1b8,2017-10-31T13:26:46.000Z,0.000025,0xf228e9bc73c3c182983acf12a313f0f1fae8e48c,buy,0xe701cd3329057aea9d54300ddd05e41b8d74727a,0x629304bc073b3ca84e89ab4345569c64a0a7b0448888717ec64d757b723f6abf
113,1162,0.02905,0x005522409da76f48f2bd77cd51d3f558d514ccd1,2017-10-31T13:26:37.000Z,0.000025,0xafd44914ee4b61d4d069041cc90ce766b9846bb8,sell,0xe701cd3329057aea9d54300ddd05e41b8d74727a,0xdad8a1a45cf6c143d043dcfe3931bb49a8d5e8089caa4ebfa0812b15de0dd517
114,870.9408270164,0.02177352067541,0x76a7fd7b41f27f0393df8d23487cef5fdb578705,2017-10-31T13:06:02.000Z,0.000025,0xac5b8828d1c5758788fa5d7e0d8aa3d75b4f2d37,sell,0xe701cd3329057aea9d54300ddd05e41b8d74727a,0x3afa716b3986ed5b65805e36ed6cff15ffa990b506a227109315b05f23cb1ada
115,1162,0.02905,0xca580e8b9ac145063b82b677d5040fd68d335434,2017-10-31T12:25:24.000Z,0.000025,0xb94fe30bb4fc91dd94ba3fdbb21022dd7ce4c27a,sell,0xe701cd3329057aea9d54300ddd05e41b8d74727a,0x1c240be67912c6f6eec33603168fab3aa825a1f52524e2017efeb1cfdbd6e3b8
116,1163,0.02908663,0xca580e8b9ac145063b82b677d5040fd68d335434,2017-10-31T12:18:23.000Z,0.00002501,0xcd47cc541d11b14a2a22fe4b7bfc5317051aa29e,sell,0xe701cd3329057aea9d54300ddd05e41b8d74727a,0xcd3b9d2e476f2e8b418df0bbf713d1766f3f792769b91cf0f62a2b9ebd537325
117,0.0829361985,0.0000020734049625,0x005522409da76f48f2bd77cd51d3f558d514ccd1,2017-10-31T12:02:03.000Z,0.000025,0x7d878c82755b4831bb18b5df0b8fdf1e82cd61a2,sell,0xe701cd3329057aea9d54300ddd05e41b8d74727a,0x536e68e529ef843ce4737ac38e0dc4b2dacafc542ab09b64ee6aeeaa11b819ad
118,831.9330076762,0.020806644521981763,0xca580e8b9ac145063b82b677d5040fd68d335434,2017-10-31T12:00:15.000Z,0.00002501,0x7d878c82755b4831bb18b5df0b8fdf1e82cd61a2,sell,0xe701cd3329057aea9d54300ddd05e41b8d74727a,0xe1bdce7ba104b857d5b2c8b58f1f8c14fb470af4bd49dc9c4515e26a13a9bd3d
119,5383.3117336257,0.1345827933406425,0x005522409da76f48f2bd77cd51d3f558d514ccd1,2017-10-31T11:21:53.000Z,0.000025,0xcf7008288b39e3e236543143e900b3593b914a94,sell,0xe701cd3329057aea9d54300ddd05e41b8d74727a,0x1487a45fed951124e897a8ed5af6b5d8c32d32b99eb1176ab8361ac0591f87d1
120,1166,0.02332,0x273a5d3e6721b9f5c1a6474f560c1334c63dda01,2017-10-31T11:03:42.000Z,0.00002,0x468ab1827a093cd8ff3422f39fbd776c37396609,buy,0xe701cd3329057aea9d54300ddd05e41b8d74727a,0x76a342d6348d9f2ec250461c9f2b64a17ac4eb270c593294d0c483975c02fd0d
121,1162.502,0.02906255,0x005522409da76f48f2bd77cd51d3f558d514ccd1,2017-10-31T11:03:42.000Z,0.000025,0x273a5d3e6721b9f5c1a6474f560c1334c63dda01,sell,0xe701cd3329057aea9d54300ddd05e41b8d74727a,0x76a342d6348d9f2ec250461c9f2b64a17ac4eb270c593294d0c483975c02fd0d
122,1163.2957830724,0.02908239457681,0x76a7fd7b41f27f0393df8d23487cef5fdb578705,2017-10-31T10:47:59.000Z,0.000025,0x3e9d246c216e1817313839e78e6ce414872c45bf,sell,0xe701cd3329057aea9d54300ddd05e41b8d74727a,0xd4e1432d167c3b739fae18d91bc488ec48f7d0e5728abf54b03e5e21306e9c0d
123,1163.2961863484,0.02908240465871,0x76a7fd7b41f27f0393df8d23487cef5fdb578705,2017-10-31T10:44:28.000Z,0.000025,0x4986ac8522e8831e71439c529e514022596c301b,sell,0xe701cd3329057aea9d54300ddd05e41b8d74727a,0x09b7b4f27f46429a4041ada6da7e86e7a368460eeaeecf75d910e0f9cf5a1b73
124,4653.1847273452,0.11632961818363,0x76a7fd7b41f27f0393df8d23487cef5fdb578705,2017-10-31T10:37:25.000Z,0.000025,0x6cda7e37f23f7c695cda250150fc162d6656e8b6,sell,0xe701cd3329057aea9d54300ddd05e41b8d74727a,0x61323854a1dde3f4a23525c96b754acf127d1da4b5aef5c0b0646d9d6310366b
125,1163.2957830724,0.02908239457681,0x76a7fd7b41f27f0393df8d23487cef5fdb578705,2017-10-31T08:57:18.000Z,0.000025,0x9c87d761dce93fc8de514a729b660d9da9f7a5a8,sell,0xe701cd3329057aea9d54300ddd05e41b8d74727a,0x76a6ae7cd9ac8e31b27e16a55cbd1b8efc5195a5973d49a96735214fed52dc79
126,1100,0.0275,0x76a7fd7b41f27f0393df8d23487cef5fdb578705,2017-10-31T08:55:13.000Z,0.000025,0xf572961025d95053ee99c2664d27c377530b8295,sell,0xe701cd3329057aea9d54300ddd05e41b8d74727a,0xb8f13fffe185e7bcab75c3bc4377430d657833b5afcd587ac8c3bd47a89da7af
127,1123.2997707107,0.0280824942677675,0x76a7fd7b41f27f0393df8d23487cef5fdb578705,2017-10-31T08:40:24.000Z,0.000025,0x1589acab58ade005a61ff098782c56d8efc9af44,sell,0xe701cd3329057aea9d54300ddd05e41b8d74727a,0x37a1b0c3cf470e2e95fd204e8acabdc002a0d79f9d0b984a70fdfdd0f1b4b82e
128,40,0.00104,0x1a97767c1404f052eb8db430c0323e7ce6714fa6,2017-10-31T08:38:30.000Z,0.000026,0x1589acab58ade005a61ff098782c56d8efc9af44,sell,0xe701cd3329057aea9d54300ddd05e41b8d74727a,0x61ec25a03239e8ba75dab37d856f19cdbe46f1621f4c36d09ed71aeef76f6dd6
129,11669,0.383630044,0x2df16c35a052c369601307ab26c7e6795b5a9095,2017-10-31T07:51:16.000Z,0.000032876,0x48c5ae9e56ea549d59970dd3bdea0cb9203a8083,buy,0xe701cd3329057aea9d54300ddd05e41b8d74727a,0x63f8905f86aaa6b2116ca606e63f1d951aa81400b2dd293253fc8124e68e0846
130,1163.2957830724,0.02908239457681,0x005522409da76f48f2bd77cd51d3f558d514ccd1,2017-10-31T07:33:41.000Z,0.000025,0x20a3eb708c6613e7e8edef518627a21ac7a7fa86,sell,0xe701cd3329057aea9d54300ddd05e41b8d74727a,0xae0e3ceedd81e7d0a30a0774ecf532519a02e83cd92ecde4382889fc19c34829
131,600,0.015,0x76a7fd7b41f27f0393df8d23487cef5fdb578705,2017-10-31T07:08:14.000Z,0.000025,0x8698327a7e55446f7558f03faaff08ab6bb45a76,sell,0xe701cd3329057aea9d54300ddd05e41b8d74727a,0xd59a5a7ef7eeee483ccdb779bfd11702ee24c29da398ed20187a5f349975610c
132,1000,0.0345,0x5a3dc39c9ccaf0116c4beed3d12a4b4bd3dd236d,2017-10-31T06:02:41.000Z,0.0000345,0xb320ffa395e8429be67732b4ff0c80bc86e9e70d,buy,0xe701cd3329057aea9d54300ddd05e41b8d74727a,0x26f3836ae773850d1906162981e3768ab619c03e52e90acfd2fd2e9bfbabaf0b
133,3479.9999999999,0.11483999999999671,0xf44072eda87ede9613b6ae1b812de8a60ade27a2,2017-10-31T05:27:06.000Z,0.000033,0x8c31fa3daa6ac0cb7d4cc12f788b813a551b65d3,buy,0xe701cd3329057aea9d54300ddd05e41b8d74727a,0x412aa62dd15f5d8270878f850897359123fabe1b58a085178edd6c647d3da3fa
134,3469.5599999999,0.1214345999999965,0xa7c5a812e42a5b8ec3caff07a3b6563b837263d3,2017-10-31T05:27:06.000Z,0.000035,0xf44072eda87ede9613b6ae1b812de8a60ade27a2,sell,0xe701cd3329057aea9d54300ddd05e41b8d74727a,0x412aa62dd15f5d8270878f850897359123fabe1b58a085178edd6c647d3da3fa
135,1163.4016927999,0.0407190592479965,0xa7c5a812e42a5b8ec3caff07a3b6563b837263d3,2017-10-31T05:27:06.000Z,0.000035,0xf44072eda87ede9613b6ae1b812de8a60ade27a2,sell,0xe701cd3329057aea9d54300ddd05e41b8d74727a,0x723718ad81812baa7c4adfb30a0b68e96b3e59c9a78e0e9b52be56f4eaa6b085
136,1166.9023999998,0.0384494340799967,0xf44072eda87ede9613b6ae1b812de8a60ade27a2,2017-10-31T05:27:06.000Z,0.00003295000000000282,0x4fcf18cd977f1ab4312d399b6cd8fadc5d6ea621,buy,0xe701cd3329057aea9d54300ddd05e41b8d74727a,0x723718ad81812baa7c4adfb30a0b68e96b3e59c9a78e0e9b52be56f4eaa6b085
137,1163.401294,0.02908503235,0x76a7fd7b41f27f0393df8d23487cef5fdb578705,2017-10-31T05:21:33.000Z,0.000025,0x273a5d3e6721b9f5c1a6474f560c1334c63dda01,sell,0xe701cd3329057aea9d54300ddd05e41b8d74727a,0xf7f0141df187f1eabc2424d97d753b0a8cb2de47f8f0205b229b9087219f4a1a
138,1166.902,0.026838746,0x273a5d3e6721b9f5c1a6474f560c1334c63dda01,2017-10-31T05:21:33.000Z,0.000023,0x98408fc85b5fddd857903271865cd5586a99ee7e,buy,0xe701cd3329057aea9d54300ddd05e41b8d74727a,0xf7f0141df187f1eabc2424d97d753b0a8cb2de47f8f0205b229b9087219f4a1a
139,1162.2988734921,0.0267328740903183,0x9073b79e9e41aa7e928659247a4d1d5cba5734a3,2017-10-31T04:56:09.000Z,0.000023,0xf0d8444b98fd316d6fa97ef6d9501f457e72656f,sell,0xe701cd3329057aea9d54300ddd05e41b8d74727a,0x637654c687d1cbdf89d04490c6a4bc26375d2f52b0f10de88469a4dd1107caba
140,1160,0.03016,0x1a97767c1404f052eb8db430c0323e7ce6714fa6,2017-10-31T04:26:47.000Z,0.000026,0xff6fc474f89473ddeaf5fec9dd73b94c5b863dc1,sell,0xe701cd3329057aea9d54300ddd05e41b8d74727a,0xfe137e10a9462fbf9711f5d13a66c342dc2737f39b567dd42ba8e29ffe660fcc
141,3949,0.134266,0x1a97767c1404f052eb8db430c0323e7ce6714fa6,2017-10-31T03:41:22.000Z,0.000034,0x06c6fea19f72ffeccb0326805b723ae3cae131ca,buy,0xe701cd3329057aea9d54300ddd05e41b8d74727a,0x8c1bd23b919728755bb932031fac8d5839540704eb65bc472fb00b78db86af8a
142,19.51093,0.00048777325,0x76a7fd7b41f27f0393df8d23487cef5fdb578705,2017-10-31T03:36:38.000Z,0.000025,0xe444a40689f51f63bcd29910622035707d533d29,sell,0xe701cd3329057aea9d54300ddd05e41b8d74727a,0xbcfacc9154af47bff994ce7368c75cc0046757a27fdea8e93d167c10d887ee80
143,1163.2957830724,0.02908239457681,0x76a7fd7b41f27f0393df8d23487cef5fdb578705,2017-10-31T02:34:09.000Z,0.000025,0x8a3e74db1c322b31f2680665c5978b26635c97b0,sell,0xe701cd3329057aea9d54300ddd05e41b8d74727a,0xa3a582999e4c51f5d00c0509cca2b1a3c4cd834bb210bf81f99079db61ec21ef
144,1163.2957830724,0.02908239457681,0x76a7fd7b41f27f0393df8d23487cef5fdb578705,2017-10-31T01:51:33.000Z,0.000025,0x223a3b0b9056502b0e1d440933d10bad3a1f7d58,sell,0xe701cd3329057aea9d54300ddd05e41b8d74727a,0xfee2fbd43a0f3846632b7e9d04e098ba7e8d6144658ae19953bd0b0b3057c116
145,1163.2957830724,0.02908239457681,0x76a7fd7b41f27f0393df8d23487cef5fdb578705,2017-10-31T01:44:51.000Z,0.000025,0x2f6d4060208fdbc1e410e96037287f6cede3af81,sell,0xe701cd3329057aea9d54300ddd05e41b8d74727a,0x7df20bf5e6fff6eb0d7f3466f53f72585130619ce12edaecdaf0c83a7b3d5460
146,1163.2957830724,0.02908239457681,0x76a7fd7b41f27f0393df8d23487cef5fdb578705,2017-10-31T00:23:50.000Z,0.000025,0xbf5b9de5869e2550fa245cc08059d3d1ec98b571,sell,0xe701cd3329057aea9d54300ddd05e41b8d74727a,0x2eb7ffef6c5e6737e8b345400cfc2a4357ff8ff6360c12cab6c00334eed8a2cb
147,1166.9,0.0501767,0x810e7561f6386c35ba220d595ca2fd3efc10a7cb,2017-10-30T23:35:13.000Z,0.000043,0x3d0ce51239eff10925745b3f8ca19c6f69f56ec1,buy,0xe701cd3329057aea9d54300ddd05e41b8d74727a,0xb2a4273e90dc542d868b50d749f37ebe1c154479f5870cdf85b7d9c47679108f
148,7001,0.252036,0x2df16c35a052c369601307ab26c7e6795b5a9095,2017-10-30T22:41:46.000Z,0.000036,0x382c371e03ed326769bd76cae76f4836347e5ad5,buy,0xe701cd3329057aea9d54300ddd05e41b8d74727a,0x48c3643aa92a6a9fb29159c387fa7dd3bd0d5578023749b2e6595b466b1107db
149,2326.5915661449,0.0581647891536225,0x76a7fd7b41f27f0393df8d23487cef5fdb578705,2017-10-30T20:29:43.000Z,0.000025,0x92f5f608873d2aa74ddbdcee98d2bc7e38ba44e5,sell,0xe701cd3329057aea9d54300ddd05e41b8d74727a,0xbf4e5de8a53116645684713a9082800a90a62394204b05219eb1c8818435822f
150,0.1159700711,0.0000026673116353,0x18a8769df875e830bef960e1b82729b5180461ce,2017-10-30T19:44:48.000Z,0.000023,0xcb9e58ec85d56aa39a6246bc1e94236299c65133,sell,0xe701cd3329057aea9d54300ddd05e41b8d74727a,0xe5728706aaddb826864bdb22b6564cb4ecd366cc4e72721befecc4a7934912e5
151,1500,0.045,0x8c705cba596b55a3335863228a6eb7ced84b7ee2,2017-10-30T18:14:50.000Z,0.00003,0x7fe8d10b80ccf235771a008931e60d8da137a6a3,sell,0xe701cd3329057aea9d54300ddd05e41b8d74727a,0x55987ab0c586889ba215ce046282407b20197340731ec3e9e6939807078d3bc8
152,163.3954740305,0.003594700428671,0x06c6fea19f72ffeccb0326805b723ae3cae131ca,2017-10-30T17:36:09.000Z,0.000022,0xb3e30dea4952551d57cbbd64ab850965179ad2d5,sell,0xe701cd3329057aea9d54300ddd05e41b8d74727a,0x3f0c6bfe9d4b8afa2cbebca946818f4780224d5ea89f7bd088731f478120e892
153,1000,0.023,0x840a8a90e7458b10a7582e4fdffd3cb4a9ac7c0e,2017-10-30T17:34:17.000Z,0.000023,0xb3e30dea4952551d57cbbd64ab850965179ad2d5,sell,0xe701cd3329057aea9d54300ddd05e41b8d74727a,0x561c0b1b051770bdd8595bf86683919b11c0ee941654e0a23ba9ae990b981248
154,246.859,0.0060233596,0x7a51be93d957a49352f36ec836cfedd77ba7b3a5,2017-10-30T17:31:27.000Z,0.0000244,0x8e0b7db79de5b243c2ab3584c2ebc28753b60e64,sell,0xe701cd3329057aea9d54300ddd05e41b8d74727a,0x18aa420d29ead9451b6307af47db3894df7b695f462bd2d16967ce6bc02117ce
155,3785.6722871698,0.0832847903177356,0x06c6fea19f72ffeccb0326805b723ae3cae131ca,2017-10-30T17:31:25.000Z,0.000022,0x0a72ebae0321b78bf42b5846c57f90d714a5cb31,sell,0xe701cd3329057aea9d54300ddd05e41b8d74727a,0xa3aaaa2c136ba2892319c26c2b8c9238bbf9fe0efd24fb9c072d583a7d236752
156,1159.7007108687,0.02829669734519628,0x7a51be93d957a49352f36ec836cfedd77ba7b3a5,2017-10-30T17:30:16.000Z,0.0000244,0xdd55aed1e7c65ea79b650269ce4d3a0ef5449b8e,sell,0xe701cd3329057aea9d54300ddd05e41b8d74727a,0x77d171bac13cbff5acf629e69b3ae7cd429d38d99c5d45a92699aa1d1e638638
157,1230,0.030258,0xfbac48777902584e3a2a797500743a22c41cbd15,2017-10-30T17:29:36.000Z,0.0000246,0x0a72ebae0321b78bf42b5846c57f90d714a5cb31,sell,0xe701cd3329057aea9d54300ddd05e41b8d74727a,0x4227c571feef7377f350b9fbdce0fcd056f9a63f2a6921c86a532c06f39069f4
158,1112.8408811466,0.022256817622932,0x73cfbeddec176a7aade57f0ed5a4cef95dd85fca,2017-10-30T17:24:35.000Z,0.00002,0x0a72ebae0321b78bf42b5846c57f90d714a5cb31,sell,0xe701cd3329057aea9d54300ddd05e41b8d74727a,0xa34af6eb0d3caa259aee488e5bb3cbd46cb6269c58bb178233fec46bd93daf7f
159,20000,0.22,0x39d47408bef1ac581b044d4cfdfaa755b881fc0e,2017-10-30T17:23:43.000Z,0.000011,0x0a72ebae0321b78bf42b5846c57f90d714a5cb31,sell,0xe701cd3329057aea9d54300ddd05e41b8d74727a,0xfc4587ddc38eb02a53a2d54d71b4c3d0a6571575319eae6191c03b80f5361fee
160,13931.8719920632,0.34829679980158,0x1d76c2a0f74838c67a87c58c0298bd0391ae4973,2017-10-30T17:23:35.000Z,0.000025,0x0a72ebae0321b78bf42b5846c57f90d714a5cb31,sell,0xe701cd3329057aea9d54300ddd05e41b8d74727a,0x1c6e5cc973ea8808004994e4585dadd10d4ea3583468b220265bc9bf22bda234
161,10439.481,0.271447384962,0x653ec427aac069d11f52b60aedc826548873bf22,2017-10-30T17:22:57.000Z,0.000026002,0x0a72ebae0321b78bf42b5846c57f90d714a5cb31,sell,0xe701cd3329057aea9d54300ddd05e41b8d74727a,0x2b86d8efa49afa9f926d43e08d043e3bc6e6b0ee57e9ffc45ad03f0500cd5abd
162,4753.7548658215,0.12361188777595647,0x653ec427aac069d11f52b60aedc826548873bf22,2017-10-30T17:22:38.000Z,0.00002600299999999999,0x0a72ebae0321b78bf42b5846c57f90d714a5cb31,sell,0xe701cd3329057aea9d54300ddd05e41b8d74727a,0x4d54ed690f10c6c3aa41d95a652ee82daef08f7f5c1826a15576f96b678d8103
163,2328.441,0.062867907,0xbede750d17ab647cab6b45b8765347dff3fbb89a,2017-10-30T17:22:32.000Z,0.000027,0x0a72ebae0321b78bf42b5846c57f90d714a5cb31,sell,0xe701cd3329057aea9d54300ddd05e41b8d74727a,0xe64b3bb68975c03753760dd7a27f01fa7f3f8d2dd0ad28d7b8b0e3d5c305d081
164,836.704,0.0226746784,0x5b490f40ea7cfad598423819a6a3d1154d273434,2017-10-30T17:22:19.000Z,0.0000271,0x0a72ebae0321b78bf42b5846c57f90d714a5cb31,sell,0xe701cd3329057aea9d54300ddd05e41b8d74727a,0x8366262f560240165d9d8ef499505a6f74d934a81d76b26041bbff918ae9a8bf
165,1450,0.034945,0xd314afc687d5f22ea6f05564875aa67432e15d27,2017-10-30T17:22:10.000Z,0.0000241,0x0a72ebae0321b78bf42b5846c57f90d714a5cb31,sell,0xe701cd3329057aea9d54300ddd05e41b8d74727a,0x66a0fe152b6e9f7b85bc965f64a584846c07ff0d98e1603c2b9619b87c8e1500
166,50000,1.275,0x6009502524cc23d9861056a1d2b2f89603b14bbc,2017-10-30T17:22:10.000Z,0.0000255,0x0a72ebae0321b78bf42b5846c57f90d714a5cb31,sell,0xe701cd3329057aea9d54300ddd05e41b8d74727a,0xca420a29f8f8f3b8a51a08e79ed107d326be5c0de84e17798253569b6bc1d454
167,7000,0.19005,0x13c3fd153e23ded7477e0817ad4d5754e2d67649,2017-10-30T17:21:17.000Z,0.00002715,0x0a72ebae0321b78bf42b5846c57f90d714a5cb31,sell,0xe701cd3329057aea9d54300ddd05e41b8d74727a,0x3e9ff10821bd223ecaf915a600c5db8915e5b9a929dedde3942cb0eea9061110
168,10000,0.28,0x73cfbeddec176a7aade57f0ed5a4cef95dd85fca,2017-10-30T17:21:12.000Z,0.000028,0x0a72ebae0321b78bf42b5846c57f90d714a5cb31,sell,0xe701cd3329057aea9d54300ddd05e41b8d74727a,0x60cadfd9b43b74621705f541442e15157c6309d50ead399f11f82eb7044d62ab
169,18000,0.504,0xbede750d17ab647cab6b45b8765347dff3fbb89a,2017-10-30T17:20:45.000Z,0.000028,0x0a72ebae0321b78bf42b5846c57f90d714a5cb31,sell,0xe701cd3329057aea9d54300ddd05e41b8d74727a,0xbf6ac473dd4d7c8a7ec393716b4477d94ab242d854076dcee84a032003adcc2e
170,3480,0.10092,0x8c31fa3daa6ac0cb7d4cc12f788b813a551b65d3,2017-10-30T17:20:30.000Z,0.000029,0x0a72ebae0321b78bf42b5846c57f90d714a5cb31,sell,0xe701cd3329057aea9d54300ddd05e41b8d74727a,0x841180d35b59ee5dca2bc6a0bb8c001536ce74d3afcafdf4332ba9675b71b3b7
171,8836.704,0.262900780704,0x78a4cc57929c751652270ebad9970f5b84a2f884,2017-10-30T17:18:54.000Z,0.000029751,0x0a72ebae0321b78bf42b5846c57f90d714a5cb31,sell,0xe701cd3329057aea9d54300ddd05e41b8d74727a,0x5df9b746f8016812123d903814398b89916c68f5c2c5230da1bba3fcd47c37fa
172,1163.2957830724,0.03460921284218697,0x78a4cc57929c751652270ebad9970f5b84a2f884,2017-10-30T16:58:05.000Z,0.00002975099999999999,0xa2fe177cf2a5e31472980730e0f58b02e69ac394,sell,0xe701cd3329057aea9d54300ddd05e41b8d74727a,0x19af070945428c37c6139d4ed93c8192e49f62a7840cd1ba236854684a6bde8e
173,0.1159701113,0.000003450342751397,0x1833620542d7161da4a1e02991986c0d951215d8,2017-10-30T16:40:23.000Z,0.00002975199999999482,0x7522b31cd0cba4e8f64dbebef846456f0aaff9f3,sell,0xe701cd3329057aea9d54300ddd05e41b8d74727a,0x451a9f02e4e7d9a45623e62427a9ffd1adeb8c5d279789b96474f0a49551f2d8
174,24.9999999999,0.0009749775,0x0b773d7819259d78757b26dc4148812d35676d8f,2017-10-30T16:33:01.000Z,0.00003899910000015599,0xde7b89667dc3311c45179aa6223d9592053dc4c8,buy,0xe701cd3329057aea9d54300ddd05e41b8d74727a,0x028d54defbf5abfe149d9d0a69fcc07b44eac0139cb9a9c1e3013b12a1e77290
175,293.3825142059,0.008728129797625526,0x76a7fd7b41f27f0393df8d23487cef5fdb578705,2017-10-30T15:42:12.000Z,0.00002975,0x5e48150f762930ec289deafb4b726b6e88da667a,sell,0xe701cd3329057aea9d54300ddd05e41b8d74727a,0x95922ce5e4893a182532389a9c03b30205f08d580e5fe89115be97afcd5da056
176,870,0.03393,0x9e70c8c3ae7d7676bb54819ac2618f9d69cb2140,2017-10-30T15:40:04.000Z,0.000039,0x5e48150f762930ec289deafb4b726b6e88da667a,sell,0xe701cd3329057aea9d54300ddd05e41b8d74727a,0x2b496353e0d6df811ba95d3f72417f00739dd5df019cb19cdefabfebfa019075
177,1993,0.0568005,0xb6a8c5331b234818bdfd542e7974372d2dd293f2,2017-10-30T14:47:56.000Z,0.0000285,0xff90080d7db05ced501f273548841a2c39cf6463,sell,0xe701cd3329057aea9d54300ddd05e41b8d74727a,0x40529f8d496b2d4c52d08d7ee35ec4ef026fc85ef71f2375f13d25601570adc1
178,1163.2937892533,0.0314089323098391,0xbede750d17ab647cab6b45b8765347dff3fbb89a,2017-10-30T13:53:03.000Z,0.000027,0x4bd6c329dde9bd4e510fa801ff8c67b6fc585f87,sell,0xe701cd3329057aea9d54300ddd05e41b8d74727a,0xa91b8f5c81624ee188743a7ffe8fc28c65c5f8d7eaabda303723fa1021f188bf
179,1163.2957830724,0.03152531572126204,0x5b490f40ea7cfad598423819a6a3d1154d273434,2017-10-30T13:29:10.000Z,0.0000271,0xa7d8cb14fef5915864a3304d244b4817b4ede61f,sell,0xe701cd3329057aea9d54300ddd05e41b8d74727a,0x31dc2ca1e6346037afc7d3e37a844630f5010b90fac690e9cc882d43551540d7
180,23.7380605129,0.000996998541542493,0xabad6980fc92299d1f0a8d9d9299a66c3eeddf1a,2017-10-30T12:54:16.000Z,0.00004200000000002919,0x24e8a01b3c1a11badf643b8931454e036767a015,buy,0xe701cd3329057aea9d54300ddd05e41b8d74727a,0x68ea3cabc04957bacc85c4ec8010bcee4222b67ed2d19a28f2bce511748f443a
181,21.2469098271,0.000892370212740313,0xabad6980fc92299d1f0a8d9d9299a66c3eeddf1a,2017-10-30T12:52:30.000Z,0.00004200000000009944,0x24e8a01b3c1a11badf643b8931454e036767a015,buy,0xe701cd3329057aea9d54300ddd05e41b8d74727a,0x1bdf0182d8ac33ab68820252bbd36f4e83d2b1b3162ec6697dcadcb41ff39f72
182,246.2451341785,0.006403112224043535,0x653ec427aac069d11f52b60aedc826548873bf22,2017-10-30T12:33:04.000Z,0.00002600299999999999,0x112102b5f7309d11a649200addb8ecbc3e7a25e2,sell,0xe701cd3329057aea9d54300ddd05e41b8d74727a,0x3319540c30f1a803b009c22389e5c84999918658add9a4bd449e14b2f44f1a81
183,917.1420796666,0.02824797605373128,0x2f7beef2fc15ae74d7d0b7099ea7368ecacec901,2017-10-30T12:20:40.000Z,0.0000308,0x112102b5f7309d11a649200addb8ecbc3e7a25e2,sell,0xe701cd3329057aea9d54300ddd05e41b8d74727a,0x702d7133f43ec7baac7afa3861228c13219b32fc72ba8a748eaa623d47e5807c
184,664.8413961978,0.02047711500289224,0x2f7beef2fc15ae74d7d0b7099ea7368ecacec901,2017-10-30T12:08:40.000Z,0.0000308,0xb12221dad518129c645b7b184a93c8e1aea0d10c,sell,0xe701cd3329057aea9d54300ddd05e41b8d74727a,0xbf3566fe2ffdb2f797d55c091970d4e08d61e0e8ec0c0176b3c999a066af87c8
185,82.0903357104,0.00252838233988032,0x2f7beef2fc15ae74d7d0b7099ea7368ecacec901,2017-10-30T12:06:08.000Z,0.0000308,0x2796d9139f6d44f3294f9bd5fa135348c786adb9,sell,0xe701cd3329057aea9d54300ddd05e41b8d74727a,0x39fbf7183a4c67e52dd8df14fd6031a0425e49a8f26365b83eb8a4576c903e2e
186,312.8,0.0109483128,0x107d35bdbb393d33d6d9ce4127883b057b8e6187,2017-10-30T12:02:25.000Z,0.000035001,0x0b7d16e5d41a8361ab37e36974e738cb2ea9cb9c,sell,0xe701cd3329057aea9d54300ddd05e41b8d74727a,0x8df654750bfb2a81d7cb2f050ad2a097cd6b80ccc3257fcefb62718fd3cda836
187,1163.2957830724,0.04071651570331707,0x107d35bdbb393d33d6d9ce4127883b057b8e6187,2017-10-30T11:52:18.000Z,0.00003500099999999999,0x918722a677d5fe9ccc6389a674989c95b9000061,sell,0xe701cd3329057aea9d54300ddd05e41b8d74727a,0xdecaa6a2c9f600ebe23e00d402d75fbc3766cf77976e02fc537b0efa49990db4
188,1158.3112351709,0.04054205154221667,0x107d35bdbb393d33d6d9ce4127883b057b8e6187,2017-10-30T11:35:54.000Z,0.00003500099999999999,0x0216facf7143763f55643e8164f4bb5b18809ec9,sell,0xe701cd3329057aea9d54300ddd05e41b8d74727a,0xa601b4d14890e24820d1dcf359cd40182aed13ac2466a8b500a7b6c15157a4ce
189,49,0.001715049,0x107d35bdbb393d33d6d9ce4127883b057b8e6187,2017-10-30T11:35:54.000Z,0.000035001,0x1309767bf5262b7efe0bc0296948129eef5f8249,sell,0xe701cd3329057aea9d54300ddd05e41b8d74727a,0xa9a8426154a0de03d5269282742514cdbe51c977c189db1269f2cb2453de39a9
190,1153.296779982,0.04036654059614998,0x107d35bdbb393d33d6d9ce4127883b057b8e6187,2017-10-30T10:57:03.000Z,0.000035001,0xc1cf7ca561ac80e66cda5fd113090ec837465b37,sell,0xe701cd3329057aea9d54300ddd05e41b8d74727a,0x771122cde8f5389a69c6cfd97f7fc7ecdab363f6ef750497f5d14a7a79dd70f8
191,1163.2957830724,0.04071651570331707,0x107d35bdbb393d33d6d9ce4127883b057b8e6187,2017-10-30T10:37:44.000Z,0.00003500099999999999,0xda282f05db456f04c67d884e44ade0119f9d4b8f,sell,0xe701cd3329057aea9d54300ddd05e41b8d74727a,0xb555ea9486cadac63fb32d5b0c3fb90aca5ce0fb410d06d7dd019a1cf371f3ec
192,1163.2961863484,0.0418786627085424,0xf00dd34fa52d31aa537658baf071cbaeac59a66d,2017-10-30T10:07:32.000Z,0.000036,0x59274949f2723c3a5622df1e469a51d14a7e2a3a,sell,0xe701cd3329057aea9d54300ddd05e41b8d74727a,0xcc3a3c52b07063891c057d1dfb38123c761fa505e4d30ff03e1e85f5d10e0b65
193,13535.9261884252,0.41690652660349614,0x2f7beef2fc15ae74d7d0b7099ea7368ecacec901,2017-10-30T09:11:39.000Z,0.0000308,0x241b2031c0b120c95861f5f2b31452321ef3d99e,sell,0xe701cd3329057aea9d54300ddd05e41b8d74727a,0xf1273221bb78d4b8a4339b26a06ee6ad004a6d00a983a7a2fdf9455d6664cb78
194,15500,0.5115,0x16cba3c2409f10259717f99d067bbcd356e0f858,2017-10-30T09:10:29.000Z,0.000033,0x241b2031c0b120c95861f5f2b31452321ef3d99e,sell,0xe701cd3329057aea9d54300ddd05e41b8d74727a,0x82338ad71105c5be58695f92e9fbf3a4c7f66cd49ec1198a3b8f772cfdc509e2
195,996.909580301,0.038881467450899605,0x653ec427aac069d11f52b60aedc826548873bf22,2017-10-30T09:08:48.000Z,0.000039002,0xdf252473e22254bd2741f501810ca49c92967c01,sell,0xe701cd3329057aea9d54300ddd05e41b8d74727a,0x20182871c59e4de327728b348b93c83a5e29be0b98d263410d1deee26432d629
196,21507.4056940547,0.860726375876069,0xa7c5a812e42a5b8ec3caff07a3b6563b837263d3,2017-10-30T08:52:05.000Z,0.00004002,0x241b2031c0b120c95861f5f2b31452321ef3d99e,sell,0xe701cd3329057aea9d54300ddd05e41b8d74727a,0x57290e83c96d9ee3aa471d7539ee92e6d1dbb97e464e0e1e93857a0b125bfa2d
197,1162.396570631,0.04651911075665262,0xa7c5a812e42a5b8ec3caff07a3b6563b837263d3,2017-10-30T08:47:39.000Z,0.00004002,0x05c52b40447b96c0242bac3cc1d8e52ef8a3b331,sell,0xe701cd3329057aea9d54300ddd05e41b8d74727a,0xb6c809bc9649c4cbf18c9500ca74e286436993aa1d047ddad91afd2ae9e7eb61
198,1166.9019522419,0.04669941612872084,0xa7c5a812e42a5b8ec3caff07a3b6563b837263d3,2017-10-30T08:40:28.000Z,0.00004002,0xe2ec0dced4b729aae8061f3ec62ab0f28b0ac0f8,sell,0xe701cd3329057aea9d54300ddd05e41b8d74727a,0x87a0ad1b9223a4f2ffb691024d9de77a69ac254337425df832c44f1524eb2750
199,1163.2957830724,0.04655509723855745,0xa7c5a812e42a5b8ec3caff07a3b6563b837263d3,2017-10-30T08:29:03.000Z,0.00004002,0x2817220095e32b020e510b46005069c7dd9d63ec,sell,0xe701cd3329057aea9d54300ddd05e41b8d74727a,0x1d78e0b4849e5bcc7cdd1a26b0e2bae5fd0305a0fbe25fc481c78a69068caf13
200,1166.902,0.0583451,0xa7c5a812e42a5b8ec3caff07a3b6563b837263d3,2017-10-30T07:54:52.000Z,0.00005,0xb4b8444f616f4e7ec1b5faaf30e9b628cdaf4e4c,buy,0xe701cd3329057aea9d54300ddd05e41b8d74727a,0x6f51e98a8803c6c594d4ed662fe5f8eb9b81bfee13c9ee626749024b2d8de3ab
201,1166.9,0.05309395,0xa7c5a812e42a5b8ec3caff07a3b6563b837263d3,2017-10-30T07:54:52.000Z,0.0000455,0xb1af0e69666e0430ce7f62abcccc95b1a0dd0cb6,buy,0xe701cd3329057aea9d54300ddd05e41b8d74727a,0xcda8820bc441d44ed1b92f21f54e9a58f3864fd2e9e50a1c78b438077d08e439
202,100,0.005,0xa7c5a812e42a5b8ec3caff07a3b6563b837263d3,2017-10-30T07:54:52.000Z,0.00005,0x0f450844288b83981234948bddb3ee71e88843c0,buy,0xe701cd3329057aea9d54300ddd05e41b8d74727a,0xe06bed9733aa709efc40001dcb5dcb8607fcc51be9f09d56a46b62b0fc8e39fc
203,1000,0.05,0xa7c5a812e42a5b8ec3caff07a3b6563b837263d3,2017-10-30T07:54:52.000Z,0.00005,0x66dc9c56c51f648d4e84519563a0729232b572c9,buy,0xe701cd3329057aea9d54300ddd05e41b8d74727a,0x55b35cc9ebbf3e74b19328f0cfbf9697c16a615a6a5ae4bf535b05b4615c3872
204,1166.902,0.0583449833098,0xa7c5a812e42a5b8ec3caff07a3b6563b837263d3,2017-10-30T07:54:52.000Z,0.0000499999,0xbc16b55c6e636d04ab883bd21992a26662a1ac8d,buy,0xe701cd3329057aea9d54300ddd05e41b8d74727a,0xd5061edc40f017b8d61e55d36699043f794d52ae8686c7f37c0860efb5866abf
205,100,0.0045,0xa7c5a812e42a5b8ec3caff07a3b6563b837263d3,2017-10-30T07:54:44.000Z,0.000045,0x0f450844288b83981234948bddb3ee71e88843c0,buy,0xe701cd3329057aea9d54300ddd05e41b8d74727a,0xed821eba6b16e0e7909c750b8d26f3dbb55e859a9080ed0cdbfe880f2886c09b
206,745.1655925617,0.03278728607271598,0xa7c5a812e42a5b8ec3caff07a3b6563b837263d3,2017-10-30T07:54:44.000Z,0.00004400000000000158,0x1752d38b28f8242d084079e0e620318da9d76448,buy,0xe701cd3329057aea9d54300ddd05e41b8d74727a,0x18e3115e28f852c39625cd79b0d61eb8824c2ed6e450f8a1f0e20e7912c41f97
207,7289.9080091715,0.2843209921737068,0x653ec427aac069d11f52b60aedc826548873bf22,2017-10-30T07:53:39.000Z,0.000039002,0xff751bf33f82287f184ea88dfb1b125410c3f79b,sell,0xe701cd3329057aea9d54300ddd05e41b8d74727a,0xf53a59f53b4535cf2b54a7c188bab6819174b20c58550f33f09325f9e4a8fcb2
208,299.645,0.01318438,0xa7c5a812e42a5b8ec3caff07a3b6563b837263d3,2017-10-30T07:53:39.000Z,0.000044,0x2e155c7ed4b597b84c0b91152fa5e673e336653d,buy,0xe701cd3329057aea9d54300ddd05e41b8d74727a,0xba947a16d36ce98f6bafa1a0847dbcf0afe274435626f2e562743462de0e5113
209,5503.092,0.2148957426,0x6a9264e06e2e456a4729b14d09c70bc215d5a56d,2017-10-30T07:47:13.000Z,0.00003905,0xff751bf33f82287f184ea88dfb1b125410c3f79b,sell,0xe701cd3329057aea9d54300ddd05e41b8d74727a,0x034cdad5300010a2203f9a310bbead6248472d8b899c452dd1516c78f9919521
210,1166.902,0.047842982,0xf00dd34fa52d31aa537658baf071cbaeac59a66d,2017-10-30T07:37:24.000Z,0.000041,0x5a688b5ec3dedb3f2798fbe8ec258c1e7a7f18ab,buy,0xe701cd3329057aea9d54300ddd05e41b8d74727a,0x3267850cdd429352b1197fbd8b286180489e928f8ec38211e5b2648f4ea5eddb
211,876.9079188244,0.03424325423009282,0x6a9264e06e2e456a4729b14d09c70bc215d5a56d,2017-10-30T07:33:36.000Z,0.00003905,0x79b5e2073b663c44870d7e744342f18a018b5c8c,sell,0xe701cd3329057aea9d54300ddd05e41b8d74727a,0x41f84aa6c438b8e2c3ddd3b23a37ce7dec196f6d0f9c688208dfd281df6d26e2
212,0.0000001028,0.000000000004527456,0xff4c940d2879b824e5e7e90c2b7bebb31f8a9fa6,2017-10-30T07:18:47.000Z,0.00004404140077821011,0x2e155c7ed4b597b84c0b91152fa5e673e336653d,buy,0xe701cd3329057aea9d54300ddd05e41b8d74727a,0x4fe4a7d705033abecf83e63d0436fdf238c5ab230c3f71f8516df13b07285559
213,0.001032157,0.000000045414909107,0xff4c940d2879b824e5e7e90c2b7bebb31f8a9fa6,2017-10-30T07:15:56.000Z,0.00004400000107251125,0x2e155c7ed4b597b84c0b91152fa5e673e336653d,buy,0xe701cd3329057aea9d54300ddd05e41b8d74727a,0xab6a7d40299f834c70d67b94780dd97000973e76d831ca9f1dd011ba8e527b6e
214,10.3535671192,0.000455556953244942,0xff4c940d2879b824e5e7e90c2b7bebb31f8a9fa6,2017-10-30T07:11:27.000Z,0.00004400000000001371,0x2e155c7ed4b597b84c0b91152fa5e673e336653d,buy,0xe701cd3329057aea9d54300ddd05e41b8d74727a,0xce98e3582575a562032638d1476c6c02ee93cebbf36907d42ffbfbeb382c1758
215,421.7364074382,0.01855640192728402,0x3ba2112383b52d416eba58c4d2824df0b984bd9c,2017-10-30T05:46:33.000Z,0.00004400000000000763,0x1752d38b28f8242d084079e0e620318da9d76448,buy,0xe701cd3329057aea9d54300ddd05e41b8d74727a,0xfc660d57eb53f71688bff6723f8ef167503958496c5ce82bb086ccb710d741ff
216,814.3070481507,0.0285007466852745,0xa7c5a812e42a5b8ec3caff07a3b6563b837263d3,2017-10-30T05:46:33.000Z,0.000035,0xa0d8b36841fbf8702c4988bde3af96777e31d0d5,sell,0xe701cd3329057aea9d54300ddd05e41b8d74727a,0x4e217c669ac537a2d34014ce1e05a8ece79e3635eff741d7fac33bd0786c26bf
217,14000,0.63,0x3ba2112383b52d416eba58c4d2824df0b984bd9c,2017-10-30T05:43:51.000Z,0.000045,0x005522409da76f48f2bd77cd51d3f558d514ccd1,buy,0xe701cd3329057aea9d54300ddd05e41b8d74727a,0x273178585ad7fa18f896ee8ad3a2e0d7cca64f732ab8608dfe171b9a65929193
218,1000,0.043,0xa7c5a812e42a5b8ec3caff07a3b6563b837263d3,2017-10-30T04:57:17.000Z,0.000043,0xedf96d80281019a6735968316c57bcc3a271abc5,buy,0xe701cd3329057aea9d54300ddd05e41b8d74727a,0x010a73e91c1d9e457598c18f93ef704ed0c570f4f3dee05620a13079db4289f8
219,579.0436437555,0.023740789393978667,0xa7c5a812e42a5b8ec3caff07a3b6563b837263d3,2017-10-30T04:56:36.000Z,0.00004100000000000546,0x5a93719571610fc37d86f18a4615e5bc3a4bab01,buy,0xe701cd3329057aea9d54300ddd05e41b8d74727a,0x2cb5dc2c3752a04eb6bc26f911e028b2920078e7261bc53de8bc9f3fd69d3276
220,2499.9997647047,0.09874999070583565,0xa7c5a812e42a5b8ec3caff07a3b6563b837263d3,2017-10-30T04:56:26.000Z,0.0000395,0x8aa571ff710ca435cb14076ec7e915dd66c4416f,buy,0xe701cd3329057aea9d54300ddd05e41b8d74727a,0xf6504a5de25d8356244606582745d1f6bbd855f3192365d3268454bfd76860c7
221,1732.302,0.065827476,0xa7c5a812e42a5b8ec3caff07a3b6563b837263d3,2017-10-30T04:56:26.000Z,0.000038,0x56e5b3910b4e89af25bffd144b762f5f7a00b22f,buy,0xe701cd3329057aea9d54300ddd05e41b8d74727a,0xa13ef7bcfc041cc24529c6c2b8624feb615cf94abe0f171874f4d82ab4aedbb6
222,0.002,0.000000000022,0x9bb6f1d706e2a74b700665c3cb6ae355cf412469,2017-10-30T04:38:50.000Z,0.000000011,0x8c31fa3daa6ac0cb7d4cc12f788b813a551b65d3,sell,0xe701cd3329057aea9d54300ddd05e41b8d74727a,0xff0f2f98547e845d0fa772bfc945bb50d5676da4bc390ce1a365f4055ed87de0
223,0.001,0.000000000011,0x9bb6f1d706e2a74b700665c3cb6ae355cf412469,2017-10-30T04:37:10.000Z,0.000000011,0x8c31fa3daa6ac0cb7d4cc12f788b813a551b65d3,sell,0xe701cd3329057aea9d54300ddd05e41b8d74727a,0x9115f61bc85ac52b5e4c6c8ad30c157ed2cdcecbb312743a4354aee10207319a
224,0.001,0.000000000011,0xf36990a2cb4d609e0a7d4f3bf884c0342d81fd3d,2017-10-30T04:34:54.000Z,0.000000011,0x8c31fa3daa6ac0cb7d4cc12f788b813a551b65d3,sell,0xe701cd3329057aea9d54300ddd05e41b8d74727a,0xf743ba7284847898287e5251dd318ff4b9f73d919ed397044d40700f96fe05f5
225,0.001,0.000000000101,0xf36990a2cb4d609e0a7d4f3bf884c0342d81fd3d,2017-10-30T04:33:29.000Z,0.000000101,0x8c31fa3daa6ac0cb7d4cc12f788b813a551b65d3,sell,0xe701cd3329057aea9d54300ddd05e41b8d74727a,0x0123a80ff1ccc5ff97d64f506c9a84889d591ed9f58727b023b0360ed276de6e
226,1500,0.0555,0x3ba2112383b52d416eba58c4d2824df0b984bd9c,2017-10-30T04:33:23.000Z,0.000037,0xb320ffa395e8429be67732b4ff0c80bc86e9e70d,buy,0xe701cd3329057aea9d54300ddd05e41b8d74727a,0x9f3f1b078a13902605452ae9f7af38ede9386ba1d3d6103aa1fc2afb2e124a6b
227,1616.902,0.063059178,0x3ba2112383b52d416eba58c4d2824df0b984bd9c,2017-10-30T04:33:23.000Z,0.000039,0x8aa571ff710ca435cb14076ec7e915dd66c4416f,buy,0xe701cd3329057aea9d54300ddd05e41b8d74727a,0xc57a94c48f2015e367f4ca64a8313012c5226055a031326d92e2cae6606afc19
228,2400.7803823282,0.0744241918521742,0x5055c528b57aa9e48776e557b42f8105154d3f7c,2017-10-30T04:27:11.000Z,0.000031,0xc297ce89eb439223c078dc3f8f89d886de014e52,sell,0xe701cd3329057aea9d54300ddd05e41b8d74727a,0xf3605a01cde185c7db9b49913321d6914ca25d9780e1a9eb8b42d5bdd3ef806e
229,1163.2957830724,0.0383887608413892,0xc297ce89eb439223c078dc3f8f89d886de014e52,2017-10-30T03:22:23.000Z,0.000033,0x3b3adc072eb0d890d7ac2909b65c88503386fc51,sell,0xe701cd3329057aea9d54300ddd05e41b8d74727a,0x2b0c93cee54e2057e14eb9509aa5f0d4854c958c3098d2fe0e41ad227722e396
230,486.2973562444,0.01993819160602133,0x46b4976454ca3a5325a02590212bc8519810c139,2017-10-30T03:15:58.000Z,0.00004100000000000191,0x5a93719571610fc37d86f18a4615e5bc3a4bab01,buy,0xe701cd3329057aea9d54300ddd05e41b8d74727a,0x989e41ac449458ca4ff9917f9097206fc5a1243835ae82754d18eee69ab6d33a
231,1162.396570631,0.038359086830823,0xc297ce89eb439223c078dc3f8f89d886de014e52,2017-10-30T03:13:14.000Z,0.000033,0x0fe8c73577c21823cea3b014239c2b50acd46e53,sell,0xe701cd3329057aea9d54300ddd05e41b8d74727a,0x76a58e5c7f0037998b9f78dcb5568d0bc8c1d79d0b7536901f1174660eb5fadb
232,101.561,0.004164001,0x46b4976454ca3a5325a02590212bc8519810c139,2017-10-30T03:04:05.000Z,0.000041,0x5a93719571610fc37d86f18a4615e5bc3a4bab01,buy,0xe701cd3329057aea9d54300ddd05e41b8d74727a,0x9453980010a1fe1aa2dceeb9c317270aec89ae66006b9f1ab3b171f6b7202697
233,1166.902,0.04667608,0x46b4976454ca3a5325a02590212bc8519810c139,2017-10-30T03:00:53.000Z,0.00004,0x8b5347e12ece13475157b712ed601a7ec5962bb9,buy,0xe701cd3329057aea9d54300ddd05e41b8d74727a,0x35ddb195618821c70a168ce4025af972c8e6bf5b7303de6e17e854d53bd1d161
234,100,0.00399,0x46b4976454ca3a5325a02590212bc8519810c139,2017-10-30T02:58:23.000Z,0.0000399,0x47fb607e02e2dfffbffc7fdb42f5d4c40eabcd56,buy,0xe701cd3329057aea9d54300ddd05e41b8d74727a,0x17cc7bad39390ba2320857b2437da465a3debbe900a473b0884e8c7a246e1443
235,1162.396570631,0.0354530954042455,0xfbb4f839b881ad411ac3f02e6808af3b01ffea49,2017-10-30T02:49:09.000Z,0.0000305,0x23d3b08a4477dca0a7b95f657253532afb638d64,sell,0xe701cd3329057aea9d54300ddd05e41b8d74727a,0x27950bde7cdc3bd852cf565112bf9de97aae2fc4b622cbd1ef542066d19e1bbf
236,10000,0.42,0xce94b53893f7f88e8f9858c0d21944b9f9b0cf79,2017-10-30T01:52:55.000Z,0.000042,0x1d76c2a0f74838c67a87c58c0298bd0391ae4973,buy,0xe701cd3329057aea9d54300ddd05e41b8d74727a,0xe7e39d644bc5109dd76b45e4a9d270c9093d156087b1d0c9d1cdf7b050a8c62a
237,6000,0.24,0xce94b53893f7f88e8f9858c0d21944b9f9b0cf79,2017-10-30T01:52:49.000Z,0.00004,0x6d0a89e45973884605c0b46082c6710c1999da88,buy,0xe701cd3329057aea9d54300ddd05e41b8d74727a,0xb3645456959fd25033d07f84e4d532fef477bd8aa0ccf04181c925445c77d5f8
238,10404,0.416149596,0xce94b53893f7f88e8f9858c0d21944b9f9b0cf79,2017-10-30T01:52:37.000Z,0.000039999,0x76a7fd7b41f27f0393df8d23487cef5fdb578705,buy,0xe701cd3329057aea9d54300ddd05e41b8d74727a,0x8a6040ee381d2bc32de976f93b25ca07cfedbb70856d0f95e9b4a72cb0c639b6
239,39.88354,0.00121644797,0xfbb4f839b881ad411ac3f02e6808af3b01ffea49,2017-10-30T01:52:07.000Z,0.0000305,0x379374d13077e8867ef31803c37baf9785a17c00,sell,0xe701cd3329057aea9d54300ddd05e41b8d74727a,0x9de5759e7bd98e86d1109104541429fb5ca0cd0477cdab4ea69f632e770e1fec
240,33.27799,0.001014978695,0xfbb4f839b881ad411ac3f02e6808af3b01ffea49,2017-10-30T01:50:15.000Z,0.0000305,0x16e5d97bbc92417e051e3b2cabfbf8ceea2acb9c,sell,0xe701cd3329057aea9d54300ddd05e41b8d74727a,0xaaefcbbbb6450a0e7511308a99277f1fdea632ccb0ca813d06e28495518552e0
241,1131.537,0.039603795,0x46b4976454ca3a5325a02590212bc8519810c139,2017-10-30T01:41:17.000Z,0.000035,0xe6da8125f3b59a90390c7b7047245ebdec60ac58,buy,0xe701cd3329057aea9d54300ddd05e41b8d74727a,0xbc215803dd04192222c125d9000093747ef1d43e1011facc6aa1affb368dc8a1
242,5700,0.17385,0xfbb4f839b881ad411ac3f02e6808af3b01ffea49,2017-10-30T01:12:12.000Z,0.0000305,0xf6549288d08ae87ed860a339d2298fdc6c685848,sell,0xe701cd3329057aea9d54300ddd05e41b8d74727a,0x8a7ea7fffd2e764da897201a1f7fb0d91311884a74606c256bf01dae3e282630
243,5700,0.17385,0xfbb4f839b881ad411ac3f02e6808af3b01ffea49,2017-10-30T01:12:12.000Z,0.0000305,0xf6549288d08ae87ed860a339d2298fdc6c685848,sell,0xe701cd3329057aea9d54300ddd05e41b8d74727a,0xa0ea27d8f6a1403931f5afe4ce13242baa85fd13f79f762d1feb53060e9c62e5
244,34.462586019,0.001206190510667336,0xf6549288d08ae87ed860a339d2298fdc6c685848,2017-10-30T01:12:10.000Z,0.00003500000000006778,0xe6da8125f3b59a90390c7b7047245ebdec60ac58,buy,0xe701cd3329057aea9d54300ddd05e41b8d74727a,0xbec1a7fbf94ee4f7ad5d1a2876b84bfb0c9341ad2ffbf4ea0658f5077035b263
245,1163.2957830724,0.0354805213837082,0xfbb4f839b881ad411ac3f02e6808af3b01ffea49,2017-10-30T01:02:09.000Z,0.0000305,0xd932f2d321623fc52b9cda1a0d969978d51c6787,sell,0xe701cd3329057aea9d54300ddd05e41b8d74727a,0x32882a3d0b25e953e44a9ceb13f4fc799db54a30ad52721bfead414934e7fda1
246,1163.2957830724,0.0354805213837082,0xfbb4f839b881ad411ac3f02e6808af3b01ffea49,2017-10-30T00:36:54.000Z,0.0000305,0xc3f2bb3071ae04629ecb6b836130be82d78a78ab,sell,0xe701cd3329057aea9d54300ddd05e41b8d74727a,0x42f61ea0f10963fe5b2820caf8337fe2700509c33c23e8f19bc747221db5224c
247,2406.1808393979,0.072185425181937,0xf6549288d08ae87ed860a339d2298fdc6c685848,2017-10-29T23:40:28.000Z,0.00003,0x0b7d16e5d41a8361ab37e36974e738cb2ea9cb9c,sell,0xe701cd3329057aea9d54300ddd05e41b8d74727a,0x75e4c200366827621460409fb8984ce3bd4844326c155eef7b08241adb50879c
248,1993.8191606021,0.059814574818063,0xf6549288d08ae87ed860a339d2298fdc6c685848,2017-10-29T23:39:34.000Z,0.00003,0x3ddcd68862a6bfa94130706a975f4baba061e547,sell,0xe701cd3329057aea9d54300ddd05e41b8d74727a,0x1a38f07f3145a8a53425e8203421182b1fe965b99a00abf214e1b97c6a58ab00
249,20,0.001,0xa75a0e4da88f97fff03745c9c69bbb9ca5329cc1,2017-10-29T22:44:30.000Z,0.00005,0x1be71e871294156b43e52ffe77deeddb9ab994eb,sell,0xe701cd3329057aea9d54300ddd05e41b8d74727a,0x36f85d3f759e39021fe8aa579ddfd625a50bece6a3b3828d5a4eb498df7f5200
250,20,0.001,0xa75a0e4da88f97fff03745c9c69bbb9ca5329cc1,2017-10-29T22:44:30.000Z,0.00005,0x1be71e871294156b43e52ffe77deeddb9ab994eb,sell,0xe701cd3329057aea9d54300ddd05e41b8d74727a,0x36f85d3f759e39021fe8aa579ddfd625a50bece6a3b3828d5a4eb498df7f5200
251,40.12,0.0016039976,0x1be71e871294156b43e52ffe77deeddb9ab994eb,2017-10-29T22:44:30.000Z,0.00003998,0x0b7d16e5d41a8361ab37e36974e738cb2ea9cb9c,buy,0xe701cd3329057aea9d54300ddd05e41b8d74727a,0x36f85d3f759e39021fe8aa579ddfd625a50bece6a3b3828d5a4eb498df7f5200
252,2120.518,0.08479951482,0x670a926d3df6ebdb69ef39dc50d9d33f36eaf6f7,2017-10-29T22:40:23.000Z,0.00003999,0x653ec427aac069d11f52b60aedc826548873bf22,buy,0xe701cd3329057aea9d54300ddd05e41b8d74727a,0x38137b84cad080272dfa485fc67801a4177dc5c82f5615e9937d7d014fdc99bd
253,20,0.0007998,0xd2ea382e498316d91b9de8557670149b479721a0,2017-10-29T22:31:34.000Z,0.00003999,0x653ec427aac069d11f52b60aedc826548873bf22,buy,0xe701cd3329057aea9d54300ddd05e41b8d74727a,0xe04066fc82d7ff7eff5b52c976cd17bd9a6a5c9ddc36c44edc6f7eda8713c1ac
254,19.94,0.0023928,0xa75a0e4da88f97fff03745c9c69bbb9ca5329cc1,2017-10-29T22:31:34.000Z,0.00012,0xd2ea382e498316d91b9de8557670149b479721a0,sell,0xe701cd3329057aea9d54300ddd05e41b8d74727a,0xe04066fc82d7ff7eff5b52c976cd17bd9a6a5c9ddc36c44edc6f7eda8713c1ac
255,19.94,0.0023928,0xa75a0e4da88f97fff03745c9c69bbb9ca5329cc1,2017-10-29T22:28:10.000Z,0.00012,0xd2ea382e498316d91b9de8557670149b479721a0,sell,0xe701cd3329057aea9d54300ddd05e41b8d74727a,0x2e5eeb98b81417948b584da7b22d792e2a23671134bcd7f6f2dac097c8fc8b95
256,20,0.0007998,0xd2ea382e498316d91b9de8557670149b479721a0,2017-10-29T22:28:10.000Z,0.00003999,0x653ec427aac069d11f52b60aedc826548873bf22,buy,0xe701cd3329057aea9d54300ddd05e41b8d74727a,0x2e5eeb98b81417948b584da7b22d792e2a23671134bcd7f6f2dac097c8fc8b95
257,370,0.0148,0x9c1b289210263135a61022624bd0d525d5befa12,2017-10-29T22:16:49.000Z,0.00004,0xc297ce89eb439223c078dc3f8f89d886de014e52,buy,0xe701cd3329057aea9d54300ddd05e41b8d74727a,0xc6b378e21eea51779ba668b1d4444985e94133b65859c1251cc7e6efcfa05cdb
258,130.361,0.00521313639,0x9c1b289210263135a61022624bd0d525d5befa12,2017-10-29T22:15:04.000Z,0.00003999,0x5abb82d7979fa7d78d19aa356fd31d6e80410ebc,buy,0xe701cd3329057aea9d54300ddd05e41b8d74727a,0x2361fd7f108b795d5508df9569aaa2f045801fdd654e728051830673bd76f4f1
259,368.6488838321,0.014745955353284532,0x14a875a19add6b3c8d0873029b5bb165b4f9ffca,2017-10-29T21:08:23.000Z,0.00004000000000000144,0xc297ce89eb439223c078dc3f8f89d886de014e52,buy,0xe701cd3329057aea9d54300ddd05e41b8d74727a,0x414e6843ab275f73df3d633ba7cf523936f9fb2df4c2ea462296d5fbb81ba9dc
260,915.28,0.03844176,0x14a875a19add6b3c8d0873029b5bb165b4f9ffca,2017-10-29T21:07:20.000Z,0.000042,0xe90fffd34aecfe44db61a6efd85663296094a09c,buy,0xe701cd3329057aea9d54300ddd05e41b8d74727a,0x16aeaa304b4757b9467ef8b7c9785aad9ce6fd0778bc1e79fcdcc45b28f2056b
261,0.3131633762,0.000008142874107952,0x653ec427aac069d11f52b60aedc826548873bf22,2017-10-29T21:04:05.000Z,0.00002600199999999872,0x045ea38085906b440d01c982538fffc705bd9040,sell,0xe701cd3329057aea9d54300ddd05e41b8d74727a,0x342922f3f09b4ce5952ebae95c8a42bc43d7af46cf0f03ecdb648c6e86996230
262,2160.2053633735,0.05616965985843775,0x653ec427aac069d11f52b60aedc826548873bf22,2017-10-29T20:55:38.000Z,0.000026002,0xfdf7c01650ea64dae1496d7be373af4c060d13a7,sell,0xe701cd3329057aea9d54300ddd05e41b8d74727a,0x2afd6c91b25312ff32ea9e0866251d5c291d246cc949442d70fa33a98f4fac5a
263,6000,0.24,0xda8be99300ab04a99e46f6e818286d2c23baafba,2017-10-29T20:55:38.000Z,0.00004,0xc297ce89eb439223c078dc3f8f89d886de014e52,buy,0xe701cd3329057aea9d54300ddd05e41b8d74727a,0xa26da00e5fb70f17639a86ac90a1c376de64412af24f602994a8abd3501a5e38
264,2005.3830954764,0.05214196586548188,0xe80eefd9eb693fdb70b3c1311eb438eedf94921b,2017-10-29T20:32:02.000Z,0.00002600099999999999,0x405c548321f8dd153c33454790109a5fe14e246c,sell,0xe701cd3329057aea9d54300ddd05e41b8d74727a,0xcf053abd9d21d70810fe40a98a1314c15d081ab9adb99f2a3b049dc6b35272e5
265,31296.2276056225,0.8137332139737906,0xe80eefd9eb693fdb70b3c1311eb438eedf94921b,2017-10-29T20:27:00.000Z,0.00002600099999999999,0x34d4ecd77d6378ebdda1c62a38881e4587109181,sell,0xe701cd3329057aea9d54300ddd05e41b8d74727a,0x29fc60bb4e8c091f334caa14c3d8874ed24eb733dc6b496b7504b90495d3cd63
266,5000,0.15,0xc297ce89eb439223c078dc3f8f89d886de014e52,2017-10-29T20:23:34.000Z,0.00003,0x34d4ecd77d6378ebdda1c62a38881e4587109181,sell,0xe701cd3329057aea9d54300ddd05e41b8d74727a,0x00cba61e44cdc1c677217534d166759a56e49f65a186ed0f92e9a9705b9ae531
267,1000,0.035,0x70816a5e4b9cb9a10d9f931c61cd6827c2bf05be,2017-10-29T20:23:33.000Z,0.000035,0x34d4ecd77d6378ebdda1c62a38881e4587109181,sell,0xe701cd3329057aea9d54300ddd05e41b8d74727a,0xc91c08ac606cf2a63032f44ac03da2bf454afb6ad0b5a54d359a4037fa194950
268,84.46584,0.0050679504,0x183e70600937bf8eb26111c20e48c5eeada8396e,2017-10-29T20:12:18.000Z,0.00006,0x273a5d3e6721b9f5c1a6474f560c1334c63dda01,sell,0xe701cd3329057aea9d54300ddd05e41b8d74727a,0xe8475171d2ac169a8271fd8aec46cff9c222ce83f25f0843940fa195356f7c8e
269,84.72,0.00355824,0x273a5d3e6721b9f5c1a6474f560c1334c63dda01,2017-10-29T20:12:18.000Z,0.000042,0xe90fffd34aecfe44db61a6efd85663296094a09c,buy,0xe701cd3329057aea9d54300ddd05e41b8d74727a,0xe8475171d2ac169a8271fd8aec46cff9c222ce83f25f0843940fa195356f7c8e
270,0.000026002,0.13001,0xdde2c69ebc3ab3b343c871f3e9c2a70e18700810,2017-10-29T20:00:30.000Z,5000,0x0249924245a19aa2d7f5ddb0739a7132b7d094ab,sell,0xe701cd3329057aea9d54300ddd05e41b8d74727a,0x78819dd5ad3102882ba1d2d01bdedaa7d9e551a932b506e79fc9f6039a3e9763
271,1821.1790670413,0.054635372011239,0xc297ce89eb439223c078dc3f8f89d886de014e52,2017-10-29T19:53:41.000Z,0.00003,0x14a875a19add6b3c8d0873029b5bb165b4f9ffca,sell,0xe701cd3329057aea9d54300ddd05e41b8d74727a,0xb541f9761ff891688a252497dc956a697c0dbf6dc1d067cecaacf9fe9af9b16c
272,20.3087435715,0.000528027332859,0x3ba2112383b52d416eba58c4d2824df0b984bd9c,2017-10-29T18:53:55.000Z,0.000026,0xc21e2dc25f7ebcf2eaee88d6a558a60acb471ada,sell,0xe701cd3329057aea9d54300ddd05e41b8d74727a,0xb994c4d84aec7ef4f030f86969714b88fa436b26ec0da6b8f0db4cb9ee05bd1c
273,600,0.03,0x425c175006022c2f5d3e9e0d7c186d93238d64fb,2017-10-29T18:24:17.000Z,0.00005,0xf245c6c482552cc6821b2a376c2f48cd0ce0f509,buy,0xe701cd3329057aea9d54300ddd05e41b8d74727a,0xc7a55840b7782dd474ff43687f72f8517f1a6fb110c3df8c8be3f940d000ccb4
274,1166.902,0.0583451,0x425c175006022c2f5d3e9e0d7c186d93238d64fb,2017-10-29T18:23:27.000Z,0.00005,0x432c0cdae1b4eea6a2a1cab948c7aa6f20f5947b,buy,0xe701cd3329057aea9d54300ddd05e41b8d74727a,0x85098905a5e39461213ef919a87683e6ef7452ba4860f95445bcebdc7d567f11
275,700,0.0294,0x425c175006022c2f5d3e9e0d7c186d93238d64fb,2017-10-29T18:23:14.000Z,0.000042,0x0fd49294944c397f1e1c1aac16332ac22f4802fe,buy,0xe701cd3329057aea9d54300ddd05e41b8d74727a,0xa83e26f8263bac5d4afd00f077cbde82505d9c850893dab11a22f61e1a662e86
276,1166.902,0.0498267154,0x425c175006022c2f5d3e9e0d7c186d93238d64fb,2017-10-29T18:23:14.000Z,0.0000427,0x6de0ddb33dde6b17384c7964dc6c95699d3ff6f0,buy,0xe701cd3329057aea9d54300ddd05e41b8d74727a,0x2a8c1f8e882058c18e6e4e8f382f8c3897d0dfdf0713cda06f06c04e877d2d49
277,1166.902,0.04084157,0x425c175006022c2f5d3e9e0d7c186d93238d64fb,2017-10-29T18:23:14.000Z,0.000035,0x221f09f50ceb169bf8b8d6670c65261deca97ccf,buy,0xe701cd3329057aea9d54300ddd05e41b8d74727a,0xeca0c4c4c88fd287d3a53b3302db093dc3647c1415a4888309e186c8b2643735
278,2675.9479999999,0.1204176599999955,0x425c175006022c2f5d3e9e0d7c186d93238d64fb,2017-10-29T17:59:41.000Z,0.000045,0xd2ea382e498316d91b9de8557670149b479721a0,sell,0xe701cd3329057aea9d54300ddd05e41b8d74727a,0xfbe39f9991b7da520b817715073e903c76604c31e01cf1ae4482bc5ffe258952
279,2683.9999999999,0.11916959999999557,0xd2ea382e498316d91b9de8557670149b479721a0,2017-10-29T17:59:41.000Z,0.0000444,0x659f7952cf483abcb29111f0e79730328a3ca612,buy,0xe701cd3329057aea9d54300ddd05e41b8d74727a,0xfbe39f9991b7da520b817715073e903c76604c31e01cf1ae4482bc5ffe258952
280,3500,0.14,0x273a5d3e6721b9f5c1a6474f560c1334c63dda01,2017-10-29T17:59:34.000Z,0.00004,0xddb38be7ef79ca91d3d65f796260d6192fa6fc07,buy,0xe701cd3329057aea9d54300ddd05e41b8d74727a,0x3d28f0134b6f2d050cdf9af89807eb45b670a62dc0fb9328c18bc7e1ba69fba0
281,1066.902,0.04267608,0x273a5d3e6721b9f5c1a6474f560c1334c63dda01,2017-10-29T17:59:34.000Z,0.00004,0x5da59f4d333b75128e863af6edfda1ab8fb6b479,buy,0xe701cd3329057aea9d54300ddd05e41b8d74727a,0xd20962119205d53b18b2249b167bad8c971578bd98814253e3e08a7ccef40d48
282,3489.5,0.1570275,0x425c175006022c2f5d3e9e0d7c186d93238d64fb,2017-10-29T17:59:34.000Z,0.000045,0x273a5d3e6721b9f5c1a6474f560c1334c63dda01,sell,0xe701cd3329057aea9d54300ddd05e41b8d74727a,0x3d28f0134b6f2d050cdf9af89807eb45b670a62dc0fb9328c18bc7e1ba69fba0
283,1063.701294,0.04786655823,0x425c175006022c2f5d3e9e0d7c186d93238d64fb,2017-10-29T17:59:34.000Z,0.000045,0x273a5d3e6721b9f5c1a6474f560c1334c63dda01,sell,0xe701cd3329057aea9d54300ddd05e41b8d74727a,0xd20962119205d53b18b2249b167bad8c971578bd98814253e3e08a7ccef40d48
284,1163.401294,0.05235305823,0x425c175006022c2f5d3e9e0d7c186d93238d64fb,2017-10-29T17:59:34.000Z,0.000045,0x273a5d3e6721b9f5c1a6474f560c1334c63dda01,sell,0xe701cd3329057aea9d54300ddd05e41b8d74727a,0xca2d5ddcfed2c5fb1d8ac8ccf1f10d6e00a2361d4ae748f6bad7d2070cc5674a
285,1166.902,0.04666441098,0x273a5d3e6721b9f5c1a6474f560c1334c63dda01,2017-10-29T17:59:34.000Z,0.00003999,0xbdad771e20c39f35fd04871106788c9745b5eb27,buy,0xe701cd3329057aea9d54300ddd05e41b8d74727a,0xca2d5ddcfed2c5fb1d8ac8ccf1f10d6e00a2361d4ae748f6bad7d2070cc5674a
286,3489.5,0.1570275,0x425c175006022c2f5d3e9e0d7c186d93238d64fb,2017-10-29T17:59:34.000Z,0.000045,0x273a5d3e6721b9f5c1a6474f560c1334c63dda01,sell,0xe701cd3329057aea9d54300ddd05e41b8d74727a,0xa4813d9634ed9179aa855665af0adca6e9f68edebceeeb83f6af3d9d848726ec
287,3500,0.15505,0x273a5d3e6721b9f5c1a6474f560c1334c63dda01,2017-10-29T17:59:34.000Z,0.0000443,0x6e20fc98c86d303fa8d3dc182fa739cde1046faf,buy,0xe701cd3329057aea9d54300ddd05e41b8d74727a,0xa4813d9634ed9179aa855665af0adca6e9f68edebceeeb83f6af3d9d848726ec
288,35465.1542525743,0.8866288563143575,0xa7c5a812e42a5b8ec3caff07a3b6563b837263d3,2017-10-29T17:58:53.000Z,0.000025,0x425c175006022c2f5d3e9e0d7c186d93238d64fb,sell,0xe701cd3329057aea9d54300ddd05e41b8d74727a,0x5a061da17a63451dc8dd4c8153fb738e31a4a5e5a809a0ee72d46eaad9803d9a
289,1163.2957830724,0.0302456903598824,0x3ba2112383b52d416eba58c4d2824df0b984bd9c,2017-10-29T17:55:40.000Z,0.000026,0x27564eb2a537d3526d57eab2b5c19ea708d77552,sell,0xe701cd3329057aea9d54300ddd05e41b8d74727a,0x00e434924b735be82a5b1c4939fc808ee5d02e517bb7cefecafdcaaee67a3f99
290,50000,1.2,0xa7c5a812e42a5b8ec3caff07a3b6563b837263d3,2017-10-29T17:52:23.000Z,0.000024,0xa7c5a812e42a5b8ec3caff07a3b6563b837263d3,sell,0xe701cd3329057aea9d54300ddd05e41b8d74727a,0xdba23e200f7e12cc3a0cfd73e952c3fd43153555da9190567e91d62a78cd4d2a
291,100,0.004,0xf245c6c482552cc6821b2a376c2f48cd0ce0f509,2017-10-29T17:45:07.000Z,0.00004,0x5da59f4d333b75128e863af6edfda1ab8fb6b479,buy,0xe701cd3329057aea9d54300ddd05e41b8d74727a,0x0a82d6e7c3fc18fef9cd830e5deb4a0795b5b430b541f3f8111bdb6b9dd88c7e
292,1142.797,0.0435405657,0xbede750d17ab647cab6b45b8765347dff3fbb89a,2017-10-29T17:42:48.000Z,0.0000381,0xd35cc4db1066b87373c5b83f2a033b4aabb8a1f2,buy,0xe701cd3329057aea9d54300ddd05e41b8d74727a,0x8162aa450b367a1756d2552ff4084e4a88265b3c84193132287c58888681d892
293,500,0.01755,0xf245c6c482552cc6821b2a376c2f48cd0ce0f509,2017-10-29T17:36:01.000Z,0.0000351,0xfe04a678a433716e65e3f31fe6f03da75145805c,sell,0xe701cd3329057aea9d54300ddd05e41b8d74727a,0xdfec9a4042cdc8c1a73bcc08a07b40e3b06c0fa83e11ca8cc46b5893883ae249
294,24.0305054331,0.00106935749177295,0x6e20fc98c86d303fa8d3dc182fa739cde1046faf,2017-10-29T17:29:38.000Z,0.0000445,0x70816a5e4b9cb9a10d9f931c61cd6827c2bf05be,sell,0xe701cd3329057aea9d54300ddd05e41b8d74727a,0xa219b51f631e38b7d936964481f3f27b6123e13551e3c93c6c104ff4d89c9eb0
295,24.105,0.0009184005,0x70816a5e4b9cb9a10d9f931c61cd6827c2bf05be,2017-10-29T17:28:31.000Z,0.0000381,0xd35cc4db1066b87373c5b83f2a033b4aabb8a1f2,buy,0xe701cd3329057aea9d54300ddd05e41b8d74727a,0xc991a5cc3672dac1cdd2160eda1d86000ea93fa53a64551f6da815902a417349
296,10000,0.381,0xbede750d17ab647cab6b45b8765347dff3fbb89a,2017-10-29T17:23:35.000Z,0.0000381,0xa7c5a812e42a5b8ec3caff07a3b6563b837263d3,sell,0xe701cd3329057aea9d54300ddd05e41b8d74727a,0xbb4ec4b2bb7a483cb995158b8bfc2069078309e7da80bf1d375b6a895f05dd92
297,0.1159700711,0.00000516066816395,0x6e20fc98c86d303fa8d3dc182fa739cde1046faf,2017-10-29T17:04:27.000Z,0.0000445,0x07a5b48fbba6b2e0849609bd64b6c2ebdd21eafe,sell,0xe701cd3329057aea9d54300ddd05e41b8d74727a,0xc7918b939cb776f63e285ba3a510c6aebd9223b981b90eafd9fbfbf75010238c
298,45836.704,1.856386512,0xd62fac74b4030b6eb3cc1b0810a705c4dc8534a6,2017-10-29T17:02:13.000Z,0.0000405,0xa7c5a812e42a5b8ec3caff07a3b6563b837263d3,sell,0xe701cd3329057aea9d54300ddd05e41b8d74727a,0xb2a6c9364ad2730a0ef0bc287503df10e0f81c5505e4fa293a2c7e76998ee08c
299,1163.2957830724,0.0471134792144322,0xd62fac74b4030b6eb3cc1b0810a705c4dc8534a6,2017-10-29T16:53:59.000Z,0.0000405,0x110211e0f73189bb557d56e42af4a923780e2833,sell,0xe701cd3329057aea9d54300ddd05e41b8d74727a,0x0915f838be1443d4e0f34f858ff927eae4cdf454496409cfefb4700b49e09cad
300,1162.396570631,0.04673996610507251,0xbede750d17ab647cab6b45b8765347dff3fbb89a,2017-10-29T16:43:26.000Z,0.00004021,0xd6818884c14cf6cb08c2e8705c52305ff7c547b0,sell,0xe701cd3329057aea9d54300ddd05e41b8d74727a,0xb3decac5720467b791e2588b6ca38016a17efadc95a51808f26b8a5a56e0b594
301,997.2051860671,0.04307926403809872,0xd62fac74b4030b6eb3cc1b0810a705c4dc8534a6,2017-10-29T16:41:36.000Z,0.0000432,0xfbac48777902584e3a2a797500743a22c41cbd15,sell,0xe701cd3329057aea9d54300ddd05e41b8d74727a,0x9855f54575b7ebdf968c140a9421bed90d649a81733ecf0f3ee497a6bc83d12b
302,0.6953527308,0.0000309431965206,0x6e20fc98c86d303fa8d3dc182fa739cde1046faf,2017-10-29T16:41:03.000Z,0.0000445,0x5acd975e666abfeeff93787d541260cc94a958ed,sell,0xe701cd3329057aea9d54300ddd05e41b8d74727a,0xb53fded860085f90779de7787bd238fda44649ec37b923986130a3d8dd5cd146
303,6975.0832419499,0.3103912042667705,0x6e20fc98c86d303fa8d3dc182fa739cde1046faf,2017-10-29T16:38:41.000Z,0.0000445,0x5acd975e666abfeeff93787d541260cc94a958ed,sell,0xe701cd3329057aea9d54300ddd05e41b8d74727a,0x6fc6b63c679c922019fec5ce790daa02c4744e757075a9f2f475e0650299ef19
304,3866.4537183372,0.17399041732517587,0xa7c5a812e42a5b8ec3caff07a3b6563b837263d3,2017-10-29T16:38:34.000Z,0.00004500000000000048,0xa7c5a812e42a5b8ec3caff07a3b6563b837263d3,buy,0xe701cd3329057aea9d54300ddd05e41b8d74727a,0x5c580ea454a9f1dec2c4c44a1135a2ef42ba425f94aab1d3d5c87524aea224e0
305,1166.902,0.059512002,0xa7c5a812e42a5b8ec3caff07a3b6563b837263d3,2017-10-29T16:30:46.000Z,0.000051,0x36d9d667af2d62061d23d9875b33abb72eab665f,buy,0xe701cd3329057aea9d54300ddd05e41b8d74727a,0x29dac9f98e161113388cb1b1f5b5dd8a158d466b5c08cbcba39ef2e189a46c2a
306,6960,0.348,0xa7c5a812e42a5b8ec3caff07a3b6563b837263d3,2017-10-29T16:30:20.000Z,0.00005,0x39d47408bef1ac581b044d4cfdfaa755b881fc0e,buy,0xe701cd3329057aea9d54300ddd05e41b8d74727a,0x625a7499d8f1e505c0b6eb4a925b48eb51762fd2ce5e064d6f53813bdd70d338
307,279.9998804244,0.013987394026600902,0xa7c5a812e42a5b8ec3caff07a3b6563b837263d3,2017-10-29T16:30:18.000Z,0.000049955,0x51aefa5e5b31e0416490a6f647efcb1a3af94c74,buy,0xe701cd3329057aea9d54300ddd05e41b8d74727a,0x29f56176f026f7e67b79fe624065e82c6577c8de7f712b4da4c02edde4134331
308,600,0.02994,0xa7c5a812e42a5b8ec3caff07a3b6563b837263d3,2017-10-29T16:28:16.000Z,0.0000499,0x51aefa5e5b31e0416490a6f647efcb1a3af94c74,buy,0xe701cd3329057aea9d54300ddd05e41b8d74727a,0xd067f58ed5caef04b55741b150c7ed2863ce09d982edf7088444992650c29e76
309,10471.5086076395,0.5748858225594095,0xa7c5a812e42a5b8ec3caff07a3b6563b837263d3,2017-10-29T16:25:07.000Z,0.00005490000000000008,0xa7c5a812e42a5b8ec3caff07a3b6563b837263d3,buy,0xe701cd3329057aea9d54300ddd05e41b8d74727a,0xde2b2cd4d2d5d6137ef799390a78983d1e6d6a98fe1444476624cb351e2e3dc1
310,361.3169703787,0.018065848518939002,0xa7c5a812e42a5b8ec3caff07a3b6563b837263d3,2017-10-29T16:19:12.000Z,0.00005000000000001107,0x5c491c32a1d0797e57d12ef51377d762adb6986b,buy,0xe701cd3329057aea9d54300ddd05e41b8d74727a,0xaca6565864b01ffef89b00f20421acbf1e506efdb6ab90aeb9ca6d5c30f03341
311,3000,0.15,0xa7c5a812e42a5b8ec3caff07a3b6563b837263d3,2017-10-29T16:19:12.000Z,0.00005,0x39d47408bef1ac581b044d4cfdfaa755b881fc0e,buy,0xe701cd3329057aea9d54300ddd05e41b8d74727a,0xee94492c5ec481aeb1e42082563f8c26c1e85e7d20705745ee0a5130f0fb7c95
312,14528.4913923604,0.7976141774405906,0x425c175006022c2f5d3e9e0d7c186d93238d64fb,2017-10-29T16:14:12.000Z,0.00005490000000000031,0xa7c5a812e42a5b8ec3caff07a3b6563b837263d3,buy,0xe701cd3329057aea9d54300ddd05e41b8d74727a,0x29e022c264d9ac4fff079caedaa0afe761de15167ff5b696a921400e4ed8877c
313,1.0484647789,0.0000461324502716,0x7ecbc907edb6f029f33b22c5da46cdcc8c3c52d2,2017-10-29T16:12:30.000Z,0.000044,0x1d5321e125f6c7079a716705541c7b371ca79e69,sell,0xe701cd3329057aea9d54300ddd05e41b8d74727a,0x6eeaaa8eba7f014b725060f53af8efb5f2891589384792ed6874566bb76674bb
314,1.0516101733,0.000031548305199,0x1d5321e125f6c7079a716705541c7b371ca79e69,2017-10-29T16:12:30.000Z,0.00003,0xf73688c494c9b0658a8e4c14395b20e6229c961a,buy,0xe701cd3329057aea9d54300ddd05e41b8d74727a,0x6eeaaa8eba7f014b725060f53af8efb5f2891589384792ed6874566bb76674bb
315,1163.2957830724,0.0511850144551856,0x7ecbc907edb6f029f33b22c5da46cdcc8c3c52d2,2017-10-29T16:04:43.000Z,0.000044,0xf85ba5dcf87da502621b8904ce6d58f4ba5adec0,sell,0xe701cd3329057aea9d54300ddd05e41b8d74727a,0xe37aa7a7b49dd259bd4d767782603cc5e0c25ec2f2bbc5f872a5e053d6544c1a
316,805.5850296212,0.040279251481061,0xa7c5a812e42a5b8ec3caff07a3b6563b837263d3,2017-10-29T16:00:07.000Z,0.00005000000000000123,0x5c491c32a1d0797e57d12ef51377d762adb6986b,buy,0xe701cd3329057aea9d54300ddd05e41b8d74727a,0xce896ec9682edf6d1a426c60e007695870f1a7abd64ad58cfd9c202206c5afc6
317,1000,0.05,0xa7c5a812e42a5b8ec3caff07a3b6563b837263d3,2017-10-29T15:59:22.000Z,0.00005,0x670a926d3df6ebdb69ef39dc50d9d33f36eaf6f7,buy,0xe701cd3329057aea9d54300ddd05e41b8d74727a,0xaa90b9cf9c45ebf90e535cfba528f8e0349f1a60fdc999c5b7f428be41f217ef
318,1000,0.05,0xa7c5a812e42a5b8ec3caff07a3b6563b837263d3,2017-10-29T15:58:47.000Z,0.00005,0x691146ede2868d5e69cca70d36afadede1a0b152,buy,0xe701cd3329057aea9d54300ddd05e41b8d74727a,0xf7c68ae6d2197e7090b8a09fb60d7e9dffd0acc0237f706c7b8ab5f1a8f04cbf
319,500,0.025,0xa7c5a812e42a5b8ec3caff07a3b6563b837263d3,2017-10-29T15:58:30.000Z,0.00005,0x4cb48fa9a7c07b36fe5e666f2082b8e0ec2ffc1a,buy,0xe701cd3329057aea9d54300ddd05e41b8d74727a,0x486b571953c43733a22a4397a5831e6fa83647acdfaa421456d189a102ac5e8d
320,7599.9278821001,0.3792364013167971,0xa7c5a812e42a5b8ec3caff07a3b6563b837263d3,2017-10-29T15:58:30.000Z,0.00004990000000000027,0x425c175006022c2f5d3e9e0d7c186d93238d64fb,buy,0xe701cd3329057aea9d54300ddd05e41b8d74727a,0xf3b9536c26b99319bd110790528cbd791cb36ab0537e75e743ab08516b09c8c9
321,996.909580301,0.043864021533244,0x7ecbc907edb6f029f33b22c5da46cdcc8c3c52d2,2017-10-29T15:58:30.000Z,0.000044,0xcd07679a857c49b6cc0b1181a57a2f480a8ddf50,sell,0xe701cd3329057aea9d54300ddd05e41b8d74727a,0x4dd139f264d1b3e01e847d39a81705646c12c0ffd9a34b8039ebc7306c1413f1
322,1153.3002849134,0.048450144969211933,0x425c175006022c2f5d3e9e0d7c186d93238d64fb,2017-10-29T15:57:38.000Z,0.00004201,0x263075a7bfe179bdd22c38f3259ec393529c0c89,sell,0xe701cd3329057aea9d54300ddd05e41b8d74727a,0xddaffd4a751a167e82303a67f1f9ee792fa49bace04994b3778c04dec57c28d5
323,7400.0721178998,0.3692635986832029,0x425c175006022c2f5d3e9e0d7c186d93238d64fb,2017-10-29T15:53:49.000Z,0.00004990000000000039,0x425c175006022c2f5d3e9e0d7c186d93238d64fb,buy,0xe701cd3329057aea9d54300ddd05e41b8d74727a,0x4a1cf7f4d8e590f3d7ef8c9de0d9c769ae96f272f3da6563b872304b386c7713
324,4988,0.22446,0x425c175006022c2f5d3e9e0d7c186d93238d64fb,2017-10-29T15:53:14.000Z,0.000045,0x23901886602bd6725d2f8e7d076e28be9f4f2cf3,buy,0xe701cd3329057aea9d54300ddd05e41b8d74727a,0xf5d054416bf300a0e5d07141fe3896f9e263e1e576b55c06e224d4bcf307d5ae
325,100,0.0045,0x425c175006022c2f5d3e9e0d7c186d93238d64fb,2017-10-29T15:53:14.000Z,0.000045,0x0394f5dc1bfa0e8d75b8ded7adfb35ddf466c25b,buy,0xe701cd3329057aea9d54300ddd05e41b8d74727a,0xdc298d13bc6fdbed915d16bd33e54b88d17af300cd915cd918b2dd41febbbc9a
326,5000,0.2,0x3ba2112383b52d416eba58c4d2824df0b984bd9c,2017-10-29T15:48:21.000Z,0.00004,0xa7c5a812e42a5b8ec3caff07a3b6563b837263d3,buy,0xe701cd3329057aea9d54300ddd05e41b8d74727a,0xff6bbe3a3300fc743858e6cdc62009f47aafca7461d24715152d5da73ddb69d0
327,1163.2957830724,0.0442052397567512,0xa7c5a812e42a5b8ec3caff07a3b6563b837263d3,2017-10-29T15:45:17.000Z,0.000038,0x005522409da76f48f2bd77cd51d3f558d514ccd1,sell,0xe701cd3329057aea9d54300ddd05e41b8d74727a,0x01582c8ff45e324277c8667d066ffa26095da3a164050d3a161c0771fec4b978
328,10672.2006427331,0.5229388987139867,0xa7c5a812e42a5b8ec3caff07a3b6563b837263d3,2017-10-29T15:41:18.000Z,0.00004900010000000004,0xa7c5a812e42a5b8ec3caff07a3b6563b837263d3,buy,0xe701cd3329057aea9d54300ddd05e41b8d74727a,0x4cdd5a372aff02341f71192b6cd698640c052149a591b5df6119f96131e0a192
329,1000.025,0.0445011125,0x34d4ecd77d6378ebdda1c62a38881e4587109181,2017-10-29T15:38:31.000Z,0.0000445,0x3ffaf6d7382bb0bec6aaf56225ae8d0acf85a6e8,buy,0xe701cd3329057aea9d54300ddd05e41b8d74727a,0xfcaf02d65153aa6c013c4dc52d4f7800a89fe5b0a9cc90049c0607713ac81f57
330,1606.844,0.06829087,0x34d4ecd77d6378ebdda1c62a38881e4587109181,2017-10-29T15:35:55.000Z,0.0000425,0x548d500e7d1584aff5c4e51d49bc52cbe35dc80f,buy,0xe701cd3329057aea9d54300ddd05e41b8d74727a,0x9652fd789da49d1a407bad71cb2d67f56791a25c86dc8f45c4259b2f5c8d22f3
331,1166.9,0.0488919431,0x34d4ecd77d6378ebdda1c62a38881e4587109181,2017-10-29T15:35:38.000Z,0.000041899,0x4c57754ab203bc1e15af3235bfbada7d099e814b,buy,0xe701cd3329057aea9d54300ddd05e41b8d74727a,0xd763b5754041c62edf4d18b7c0b0f80893aedb0e356327286273e50828f857e5
332,5000,0.2095,0x34d4ecd77d6378ebdda1c62a38881e4587109181,2017-10-29T15:34:37.000Z,0.0000419,0x7d878c82755b4831bb18b5df0b8fdf1e82cd61a2,buy,0xe701cd3329057aea9d54300ddd05e41b8d74727a,0x31ca5d45aaca033d375b26b874a7944dac19f31900a188243520de9a9334cf3f
333,6858.164832736,0.28804360879139845,0xa7c5a812e42a5b8ec3caff07a3b6563b837263d3,2017-10-29T15:32:25.000Z,0.00004200010000000045,0xa7c5a812e42a5b8ec3caff07a3b6563b837263d3,buy,0xe701cd3329057aea9d54300ddd05e41b8d74727a,0xeb0b3f9f245a2f0bb5554143c4b3fc3d9847064bb4c09222848de25ded859213
334,1197,0.049077,0x09466883d9a41c139ec885476354acdd6e1dcb36,2017-10-29T15:19:12.000Z,0.000041,0xf33bc464fb8a61db1d8cce0c22dad4f833fabb2a,buy,0xe701cd3329057aea9d54300ddd05e41b8d74727a,0xae02d8d55d6f13038cd3290af97288ccc79075bc738d670b78d934f7e29eab80
335,19327.7993572668,0.9470641012860134,0xa314e04d6d0276e7983e7ee86d951c13b16558e8,2017-10-29T15:12:41.000Z,0.00004900010000000022,0xa7c5a812e42a5b8ec3caff07a3b6563b837263d3,buy,0xe701cd3329057aea9d54300ddd05e41b8d74727a,0x51aae4b11b8a2ece35eefa1c9c64608a8ab48923c8a3f164742180aa0b9baefa
336,10000,0.420001,0xa7c5a812e42a5b8ec3caff07a3b6563b837263d3,2017-10-29T15:02:39.000Z,0.0000420001,0xa7c5a812e42a5b8ec3caff07a3b6563b837263d3,buy,0xe701cd3329057aea9d54300ddd05e41b8d74727a,0x6230f9a22494154739e094f9fef0e5f3da885d47f8614f3021663c4793c84605
337,13141.8351672639,0.5519583912086016,0x425c175006022c2f5d3e9e0d7c186d93238d64fb,2017-10-29T14:46:57.000Z,0.00004200010000000007,0xa7c5a812e42a5b8ec3caff07a3b6563b837263d3,buy,0xe701cd3329057aea9d54300ddd05e41b8d74727a,0x02f4feafce860fd8239e56fe9fe01d8b936af271b308be420ce722ae87c39c7c
338,9221.3176384727,0.32274703947831007,0x425c175006022c2f5d3e9e0d7c186d93238d64fb,2017-10-29T14:45:11.000Z,0.00003500010000000018,0xa7c5a812e42a5b8ec3caff07a3b6563b837263d3,buy,0xe701cd3329057aea9d54300ddd05e41b8d74727a,0x838e0d2723dc1a05251c261c3d346958510117dfa6448ceff9ec4fcda81a26e6
339,7778.6823615272,0.27225466052168995,0xa7c5a812e42a5b8ec3caff07a3b6563b837263d3,2017-10-29T14:34:01.000Z,0.00003500010000000022,0xa7c5a812e42a5b8ec3caff07a3b6563b837263d3,buy,0xe701cd3329057aea9d54300ddd05e41b8d74727a,0xdb4f93d62b4e5ab2d4e7b546616b8dd26759e4f5ff11b336ae5242696a543d12
340,500,0.01645,0xa7c5a812e42a5b8ec3caff07a3b6563b837263d3,2017-10-29T14:33:37.000Z,0.0000329,0x840a8a90e7458b10a7582e4fdffd3cb4a9ac7c0e,buy,0xe701cd3329057aea9d54300ddd05e41b8d74727a,0xd20f2eb4d8c5e39713265982fc3bb8b18bb7bbd1606cc5980d2b48c88c702ce0
341,3000,0.0960003,0xa7c5a812e42a5b8ec3caff07a3b6563b837263d3,2017-10-29T14:33:30.000Z,0.0000320001,0xa7c5a812e42a5b8ec3caff07a3b6563b837263d3,buy,0xe701cd3329057aea9d54300ddd05e41b8d74727a,0x903bb5fb10dc488dad0f5633ed2a2446c60d9c3f87f7cb091b9fbc4128240352
342,10800,0.3456,0xa7c5a812e42a5b8ec3caff07a3b6563b837263d3,2017-10-29T14:33:30.000Z,0.000032,0x3b4e1aee59159be4884f5e83a055c1f73652f308,buy,0xe701cd3329057aea9d54300ddd05e41b8d74727a,0xd754aabb24aade906f3d98a1439d384b23be502d401cc33a2d0377aee6e78ade
343,500,0.016,0xa7c5a812e42a5b8ec3caff07a3b6563b837263d3,2017-10-29T14:33:09.000Z,0.000032,0x840a8a90e7458b10a7582e4fdffd3cb4a9ac7c0e,buy,0xe701cd3329057aea9d54300ddd05e41b8d74727a,0x6069354bb2ddce30e456506f451d70c109d19cca34c616da154f2f7e215f792f
344,600,0.0189,0xa7c5a812e42a5b8ec3caff07a3b6563b837263d3,2017-10-29T14:32:39.000Z,0.0000315,0x840a8a90e7458b10a7582e4fdffd3cb4a9ac7c0e,buy,0xe701cd3329057aea9d54300ddd05e41b8d74727a,0x9a2874b6fd1afacc4f8412c88d9146e47902e86ed1650ef5b7f63dc4b69018df
345,28300,0.8773,0xa7c5a812e42a5b8ec3caff07a3b6563b837263d3,2017-10-29T14:32:33.000Z,0.000031,0x425c175006022c2f5d3e9e0d7c186d93238d64fb,buy,0xe701cd3329057aea9d54300ddd05e41b8d74727a,0x22110a25e13649ebb41b8aa8b4e47871fc3d97c469150fe81cca19a5a52dd229
346,500,0.01545,0xa7c5a812e42a5b8ec3caff07a3b6563b837263d3,2017-10-29T14:32:27.000Z,0.0000309,0x840a8a90e7458b10a7582e4fdffd3cb4a9ac7c0e,buy,0xe701cd3329057aea9d54300ddd05e41b8d74727a,0x2399614049076e9e29de19990f5f4df68dee918d7443e83312f05da2743acbcb
347,1657.92,0.049571808,0xa7c5a812e42a5b8ec3caff07a3b6563b837263d3,2017-10-29T14:32:27.000Z,0.0000299,0xa7c5a812e42a5b8ec3caff07a3b6563b837263d3,buy,0xe701cd3329057aea9d54300ddd05e41b8d74727a,0x701078d3cf43b8e89de37eee4b450fe8f47fa2665cb386ade537026bc6712499
348,500,0.015,0xa7c5a812e42a5b8ec3caff07a3b6563b837263d3,2017-10-29T14:32:27.000Z,0.00003,0x840a8a90e7458b10a7582e4fdffd3cb4a9ac7c0e,buy,0xe701cd3329057aea9d54300ddd05e41b8d74727a,0xbbcc638b469b11666c5264bb8fe967f7c461c230a33de0ec1cdc06acc4b2f9c7
349,5500,0.16225,0xa7c5a812e42a5b8ec3caff07a3b6563b837263d3,2017-10-29T14:32:10.000Z,0.0000295,0xdf04829ed7aad07edf5c95eaf7ab7b924f38ce6e,buy,0xe701cd3329057aea9d54300ddd05e41b8d74727a,0xfdb0e2b6bbd4cbb09da8eebe75b0892c36dda4496b5da397741af880ff4f9971
350,1163.2957830724,0.02803542837204484,0xbede750d17ab647cab6b45b8765347dff3fbb89a,2017-10-29T14:27:14.000Z,0.0000241,0x07a5b48fbba6b2e0849609bd64b6c2ebdd21eafe,sell,0xe701cd3329057aea9d54300ddd05e41b8d74727a,0xb7c3c146a4a2dc01584f461af679771aee9f11e5eadef9b5e15e859ce3c671e1
351,28342.079629847,0.8474281809324258,0x425c175006022c2f5d3e9e0d7c186d93238d64fb,2017-10-29T14:27:14.000Z,0.00002990000000000001,0xa7c5a812e42a5b8ec3caff07a3b6563b837263d3,buy,0xe701cd3329057aea9d54300ddd05e41b8d74727a,0xf3a5de6cb62553cb08548c5e28cea34372fd638edd15cd471dc52bda64ac06b3
352,10516.1017316319,0.254489661905492,0xbede750d17ab647cab6b45b8765347dff3fbb89a,2017-10-29T14:24:47.000Z,0.0000242,0xf73688c494c9b0658a8e4c14395b20e6229c961a,sell,0xe701cd3329057aea9d54300ddd05e41b8d74727a,0x6d838999dad5b83df17222026ff4395ea6fc7d7fa2c0d2a8f9088aad2a8a00b9
353,5596.2891690131,0.135430197890117,0xbede750d17ab647cab6b45b8765347dff3fbb89a,2017-10-29T14:24:10.000Z,0.0000242,0x0fef9f7afd76297430f9c7125c9ba8ba06821482,sell,0xe701cd3329057aea9d54300ddd05e41b8d74727a,0x60fc823d34c30173b2a4733ce822384e45cdd8cbb9034060e6521e0a6c73d940
354,1163.2957830724,0.02815175795035208,0xbede750d17ab647cab6b45b8765347dff3fbb89a,2017-10-29T14:22:48.000Z,0.0000242,0x44443914bed5a3fca58d4cb65f1c088059124062,sell,0xe701cd3329057aea9d54300ddd05e41b8d74727a,0x8e76b6ea4333ca1ebf5923748d1ada5838e15be584a2a43f4fb32f2efe8a4ebb
355,5500,0.13365,0xdf04829ed7aad07edf5c95eaf7ab7b924f38ce6e,2017-10-29T14:13:32.000Z,0.0000243,0xf73688c494c9b0658a8e4c14395b20e6229c961a,sell,0xe701cd3329057aea9d54300ddd05e41b8d74727a,0x705bc232552d9f77fbc410573ba7a7108fda27a3c4a92978ab52db7b1cbaa2cb
356,5400,0.13122,0xcf7008288b39e3e236543143e900b3593b914a94,2017-10-29T14:08:50.000Z,0.0000243,0xf73688c494c9b0658a8e4c14395b20e6229c961a,sell,0xe701cd3329057aea9d54300ddd05e41b8d74727a,0x327c4524a121c7b3a387cb3709eb7d8c92bc9b9f72dc46cc92fff4a0e334630d
357,22000,0.7040022,0x73ef6a3b70cd95c775faa1eef0691aa6800584e6,2017-10-29T14:08:16.000Z,0.0000320001,0xa7c5a812e42a5b8ec3caff07a3b6563b837263d3,buy,0xe701cd3329057aea9d54300ddd05e41b8d74727a,0xaf4b372e0a0a093678f02fdd4d7cc0b22a9b854953a71e24c360eb201163cf1f
358,666.902,0.02000706,0xa7c5a812e42a5b8ec3caff07a3b6563b837263d3,2017-10-29T14:04:59.000Z,0.00003,0xd314afc687d5f22ea6f05564875aa67432e15d27,buy,0xe701cd3329057aea9d54300ddd05e41b8d74727a,0x27167928128085441bdf8bc782b618a70ceacdc611c82d4e57ccd3f169b61773
359,1000,0.031,0xa7c5a812e42a5b8ec3caff07a3b6563b837263d3,2017-10-29T14:04:59.000Z,0.000031,0x13512137d004d3e8d919ced5f5f7119934917c11,buy,0xe701cd3329057aea9d54300ddd05e41b8d74727a,0x6230333b2ae8154d911a78029d81f3a00d014d151e4ebea0a3599293e93f9b02
360,5300,0.15635,0xa7c5a812e42a5b8ec3caff07a3b6563b837263d3,2017-10-29T14:04:04.000Z,0.0000295,0xf33bc464fb8a61db1d8cce0c22dad4f833fabb2a,buy,0xe701cd3329057aea9d54300ddd05e41b8d74727a,0xcbf365627e3ed7d64a42d4a28ee2b597b567ddce2d062fe8038f4469f11fe82f
361,1166.902,0.03500706,0xa7c5a812e42a5b8ec3caff07a3b6563b837263d3,2017-10-29T14:04:04.000Z,0.00003,0x5b9cd3d32147053b02744e78a50b359fc8d8b839,buy,0xe701cd3329057aea9d54300ddd05e41b8d74727a,0x547edbad73ec6424ab619f56fe2f17f5feccbddb4ed2277f25f4300600a47a14
362,1166.902,0.034422442098,0xa7c5a812e42a5b8ec3caff07a3b6563b837263d3,2017-10-29T14:03:49.000Z,0.000029499,0x057c1f3e61b09ff651cdda8340a2bcde6dc69c9c,buy,0xe701cd3329057aea9d54300ddd05e41b8d74727a,0x8112c95d4d4ccae9629f2b9768a2ab3ace66bfedd198b558db8de983e65e0203
363,13886.745,0.336073115745,0x6e9a1f6ad18a4ecd061ab114919c330140a50e44,2017-10-29T13:53:44.000Z,0.000024201,0xf73688c494c9b0658a8e4c14395b20e6229c961a,sell,0xe701cd3329057aea9d54300ddd05e41b8d74727a,0xdb495848648e5540ea46d724514886a6df06c7cd68874bf6662aebb79ab1869c
364,4313.2549097796,0.1043850820715761,0x6e9a1f6ad18a4ecd061ab114919c330140a50e44,2017-10-29T13:51:14.000Z,0.00002420099999999999,0x49ea8a980ad4e401bdd6d629e388a13baf62b944,sell,0xe701cd3329057aea9d54300ddd05e41b8d74727a,0x3f6a7a39c12e70b3187bf12af2fe39af1a0bcb29cc70dc247b75a0b6b97e558a
365,10000,0.2421,0x1d76c2a0f74838c67a87c58c0298bd0391ae4973,2017-10-29T13:49:00.000Z,0.00002421,0x49ea8a980ad4e401bdd6d629e388a13baf62b944,sell,0xe701cd3329057aea9d54300ddd05e41b8d74727a,0x01fffe2d1cc518fb0d733032c55727bb682b63fd5818d8e51a55609d69b67d4b
366,1000,0.025,0xb320ffa395e8429be67732b4ff0c80bc86e9e70d,2017-10-29T13:48:39.000Z,0.000025,0xf73688c494c9b0658a8e4c14395b20e6229c961a,sell,0xe701cd3329057aea9d54300ddd05e41b8d74727a,0x948c91dcb9503c7dbc8732616f4d0d61a95bd5e9fbda0c35c4461c4e153b4737
367,2088.706,0.054306356,0xa1dc29270c60dd37d64643d20151b7ee1806b776,2017-10-29T13:29:21.000Z,0.000026,0xf73688c494c9b0658a8e4c14395b20e6229c961a,sell,0xe701cd3329057aea9d54300ddd05e41b8d74727a,0x3c1d2411dc398eb9094027f81c6edeec746046848da558a80464f8cae7123ca1
368,1163.2957830724,0.0302456903598824,0xa1dc29270c60dd37d64643d20151b7ee1806b776,2017-10-29T13:28:05.000Z,0.000026,0x3dad313bec269aa7418082c3332df640e9e44c41,sell,0xe701cd3329057aea9d54300ddd05e41b8d74727a,0x4fcc8654dc369a09cb7173783c8d4a0241864953083dd4e9925b31105a9446f5
369,4187.5305683078,0.1088757947760028,0xa1dc29270c60dd37d64643d20151b7ee1806b776,2017-10-29T12:36:28.000Z,0.000026,0x0ab17678a8146d6848c8ad9a2b168fd6c2bdb2f6,sell,0xe701cd3329057aea9d54300ddd05e41b8d74727a,0x8eea5867f916592be58f0df6156db5435e9d8f08e000cdf0eb8a5ca8b4683ab0
370,1166.9,0.035602119,0x2df16c35a052c369601307ab26c7e6795b5a9095,2017-10-29T12:14:03.000Z,0.00003051,0x2b06c78a4ab6751f13bcf4ef8482a6b350813772,buy,0xe701cd3329057aea9d54300ddd05e41b8d74727a,0xa7c4afe674b47d3fed9a87607d60378c167a109b733ba8a14329d023f68080b4
371,1166.902,0.03513541922,0x2df16c35a052c369601307ab26c7e6795b5a9095,2017-10-29T11:52:45.000Z,0.00003011,0x669c9c23c21dcbf3313b25727937fca49abe3c78,buy,0xe701cd3329057aea9d54300ddd05e41b8d74727a,0x76c386270bfb2367e7d798b41821354202849332656279f8ae4ceced13639d22
372,1166.902,0.036173962,0x2df16c35a052c369601307ab26c7e6795b5a9095,2017-10-29T11:44:44.000Z,0.000031,0xb09b1f5e5ea019e6b87d4470de58e8d7cdf9e87b,buy,0xe701cd3329057aea9d54300ddd05e41b8d74727a,0xefc03885f228f2cf967f8716a5e341d4eb6306e4acf020383fe9b87899d8a0cf
373,200,0.006,0x221ce82ef2bd8541bb36b0d237b4498eeda51c5c,2017-10-29T11:44:44.000Z,0.00003,0x958444fbcd8b4b26dafaa133ac6c47130bce01ce,sell,0xe701cd3329057aea9d54300ddd05e41b8d74727a,0xb4b3e313e5f03c2545bf4e93ed8b67720b5f702e9a59921cd87779cd6b2f0003
374,500,0.015,0x8698327a7e55446f7558f03faaff08ab6bb45a76,2017-10-29T11:28:27.000Z,0.00003,0xd314afc687d5f22ea6f05564875aa67432e15d27,buy,0xe701cd3329057aea9d54300ddd05e41b8d74727a,0x9ee256ea1395eeb643a109b074a1a66d9d05751e9a6d76d1067ef25ead857ef5
375,12400,0.322462,0x3755b825d5dc70f115d1ccc9f8c6a94d34068d8a,2017-10-29T11:27:21.000Z,0.000026005,0x9a63a5c363275ec2c2f80af302c60a7809a1e1e2,sell,0xe701cd3329057aea9d54300ddd05e41b8d74727a,0x664fc5c65d1e5f7b884b43c9133986fa7ba7b30a49b813d8d8395bebc2458eab
