,amount,amountBase,buyer,date,price,seller,side,tokenAddr,txHash
0,0.3787878787878788,0.0005,0x3075f7f189912f4f425dd7021b9c396434197477,2017-11-02T06:56:56.000Z,0.00132,0xba731793fe7ff79f04b01bfdcdca930684d005a8,buy,0xfec0cf7fe078a500abf15f1284958f22049c2c7e,0xc3743191335c151a3273a03f18dc7c503b5717067b67c754900b8b6f408da22b
1,0.3787878787878788,0.0005,0x4fda9e6bcd83af6c5cc771b5d20accc2b7720074,2017-11-02T06:52:39.000Z,0.00132,0xba731793fe7ff79f04b01bfdcdca930684d005a8,buy,0xfec0cf7fe078a500abf15f1284958f22049c2c7e,0x6f8daa20737a27e0f5dec884b53925fd2c9cf8ff2e15641d69873e24a6478e53
2,36.32,0.0479424,0x7a5ef7b9fed8ccb4b8b6ebf1f806465172166a61,2017-11-02T03:45:39.000Z,0.00132,0xba731793fe7ff79f04b01bfdcdca930684d005a8,buy,0xfec0cf7fe078a500abf15f1284958f22049c2c7e,0x38a6099c49537cf3580d046f877c7e349bde6b8f30f7de1185fbf7379e2189ea
3,200,0.24,0x549022ad5cd11816eb7ce6ea15ae61c1fb4edb8a,2017-11-02T00:38:24.000Z,0.0012,0xe1b43cc3706760496fc2c985fc3e8341884e7cb3,buy,0xfec0cf7fe078a500abf15f1284958f22049c2c7e,0xcb26d2dfd37bd10a92c6cf1420ede131ea7fb8eadc7368ca9f2d4240e90645f1
4,480,0.576,0xe5b7f2ebc9ace98188a2c22dc2cce1bf1bc681fc,2017-11-01T21:59:48.000Z,0.0012,0xe1b43cc3706760496fc2c985fc3e8341884e7cb3,buy,0xfec0cf7fe078a500abf15f1284958f22049c2c7e,0x06df41f6f3a7068edda87f461fecf3036fd2d2ce290f1aef5d01f1451468afad
5,962.502604219429,1.029877786514789,0x17c342d93ae3f44cdb81336b986f12046f912511,2017-11-01T20:19:47.000Z,0.00107,0x8b2e6e76a4b85eeff8b80b11fdb07c2ae6b246ae,buy,0xfec0cf7fe078a500abf15f1284958f22049c2c7e,0x3b932971ce87095ff45959fe401fe6cb8e50d6de337be4f9ddadadee1667e85e
6,1000,1.07,0xacebd6961ad8406032359e262ab049359ccc613a,2017-11-01T18:51:50.000Z,0.00107,0x8b2e6e76a4b85eeff8b80b11fdb07c2ae6b246ae,buy,0xfec0cf7fe078a500abf15f1284958f22049c2c7e,0x770a4268243224b044e73d4f991f8e26d796cc0d6fc52b6f350354f5fbaeddaa
7,186.69339578057094,0.1997619334852109,0x74c6f5f3b967117ebcde7c1ac7504615285afa43,2017-11-01T18:33:24.000Z,0.00107,0x8b2e6e76a4b85eeff8b80b11fdb07c2ae6b246ae,buy,0xfec0cf7fe078a500abf15f1284958f22049c2c7e,0xf2f3d9cc0a76f99c9c608d90783303f98e9e8d80e73a4392050f6022df17026e
8,10.771617236566643,0.011536402060362876,0xa9e60f3c758cc407d90438d2bc49314db4b01f1e,2017-11-01T17:01:11.000Z,0.001071,0x8b2e6e76a4b85eeff8b80b11fdb07c2ae6b246ae,sell,0xfec0cf7fe078a500abf15f1284958f22049c2c7e,0xc453cdd2da1d9eb2cde7a05000e5927c60f79e8ba184f9e718721110d60578ee
9,388.79473631741604,0.4082344731332868,0xcc24d8fd93eadc300d08b0dfe6536897a81d06ea,2017-11-01T13:08:17.000Z,0.00105,0x1aa7e20656f755f935223342abfab5a5c2d6fc72,sell,0xfec0cf7fe078a500abf15f1284958f22049c2c7e,0x42ab17c7973759f1e33669c83a5e349348e4ff564827ac92fdbc4cb1e54ca742
10,517.6005758879604,0.548656610441238,0x402a308b2494cff493a142fae98889ba6466bfa4,2017-11-01T07:56:46.000Z,0.00106,0x9778550d76b07ac9f5e57392f68ecdf6efc1774e,sell,0xfec0cf7fe078a500abf15f1284958f22049c2c7e,0x96046a1c8b001c6dd2a688ce979ff4e864575f77f20337e514ded048d8c89b12
11,1.44,0.0018,0x2130394ecc841feebd4cc175fd606064961051aa,2017-11-01T06:32:34.000Z,0.00125,0xe5c5f7b4e7d4a86da73bb6a3e7fde89a9e8f1041,sell,0xfec0cf7fe078a500abf15f1284958f22049c2c7e,0x1ebfb70edca5c1f00480b2b8eac7843554943e80e312e8aa3315f450722a9348
12,480.0797845602566,0.5760957414723079,0x273a5d3e6721b9f5c1a6474f560c1334c63dda01,2017-11-01T06:28:14.000Z,0.0012,0xe1b43cc3706760496fc2c985fc3e8341884e7cb3,buy,0xfec0cf7fe078a500abf15f1284958f22049c2c7e,0x814ab33a83c564c3119c21a6450c8e4c186387a02784a4cd54a17ba925614c98
13,478.6395452065758,0.5982994315082197,0x2130394ecc841feebd4cc175fd606064961051aa,2017-11-01T06:28:14.000Z,0.00125,0x273a5d3e6721b9f5c1a6474f560c1334c63dda01,sell,0xfec0cf7fe078a500abf15f1284958f22049c2c7e,0x814ab33a83c564c3119c21a6450c8e4c186387a02784a4cd54a17ba925614c98
14,2,0.00312,0x1a96f3bc6cd0e9db43e89f983d4227ec5f707539,2017-11-01T04:29:34.000Z,0.00156,0xe5c5f7b4e7d4a86da73bb6a3e7fde89a9e8f1041,buy,0xfec0cf7fe078a500abf15f1284958f22049c2c7e,0x2a9b2238164b172fc9a0404bec819afccee5fdae5d2bd1bcee2b7a58362a9c75
15,872.2958827634334,0.9342288904396371,0xa9e60f3c758cc407d90438d2bc49314db4b01f1e,2017-11-01T03:52:40.000Z,0.001071,0x9da7ad646dc636de4bbc54ece8723a2bc346ca36,sell,0xfec0cf7fe078a500abf15f1284958f22049c2c7e,0x5ff9f2e9ddbc064ddd7aa4cea003e4273ffcc4fb978c87a5179fefac0020d5fc
16,0.001,0.000001349,0x6c441655c765b20ef239e315a8aa8f85b79808c5,2017-10-31T23:29:04.000Z,0.001349,0xba731793fe7ff79f04b01bfdcdca930684d005a8,buy,0xfec0cf7fe078a500abf15f1284958f22049c2c7e,0x261d11a144af9403c88da33e86bc749eb515bcb1ccf7fd10a29c883bc21b45cd
17,191.56617776177478,0.204975810205099,0x7e661222fcee828d6b1c02d820b2c6d141f80ffd,2017-10-31T22:55:42.000Z,0.00107,0xb00548770ea87482f024cd4292a975fea72e8f01,sell,0xfec0cf7fe078a500abf15f1284958f22049c2c7e,0xda73df4cc6e0d6efc089e665f45da35faafeb1b0820c8fd7e261b7f9f280eaa1
18,328.10088724952647,0.3543489582294886,0x402a308b2494cff493a142fae98889ba6466bfa4,2017-10-31T20:54:07.000Z,0.00108,0x52a561f94dded749051ee779dc0eaa020a4af74b,sell,0xfec0cf7fe078a500abf15f1284958f22049c2c7e,0x4d318916af48420f07077f605d6a2d5f491d409738aa176cf9c5d112575094e5
19,0.000848370052836207,0.000000890788555478,0xcc24d8fd93eadc300d08b0dfe6536897a81d06ea,2017-10-31T20:24:15.000Z,0.0010499999999999796,0x3da9ab8ab69bfae5910663e703c3394193ac4df8,sell,0xfec0cf7fe078a500abf15f1284958f22049c2c7e,0x6c89783e0ee4da8bc3fd6e17dd226248fafa14f1d63ca7b06d439be3a835e6dd
20,0.000851,1.07226,0x3da9ab8ab69bfae5910663e703c3394193ac4df8,2017-10-31T20:20:55.000Z,1260,0x96373170538a83c7674ef92f41d195203a8abe09,sell,0xfec0cf7fe078a500abf15f1284958f22049c2c7e,0x689daca46a31768416145ea14a8e59cd8b7d0d39b3ae96b00307ddd6518281f9
21,135,0.182115,0x7a5ef7b9fed8ccb4b8b6ebf1f806465172166a61,2017-10-31T19:30:09.000Z,0.001349,0xba731793fe7ff79f04b01bfdcdca930684d005a8,buy,0xfec0cf7fe078a500abf15f1284958f22049c2c7e,0x2020e3d54525fa6634c0d684261733eaccceec8ab1bb4433da60e5c397c7c1ab
22,790,1.06492,0x2130394ecc841feebd4cc175fd606064961051aa,2017-10-31T19:12:38.000Z,0.001348,0x3da9ab8ab69bfae5910663e703c3394193ac4df8,buy,0xfec0cf7fe078a500abf15f1284958f22049c2c7e,0x5479d8d9a3ab85694dd040e3cd10bcbb51588df7f0c62e24b919333514c8c49d
23,99.63551472710769,0.13430867385214115,0x457ead0f22dcf5a61c2d661abe4c91444988ac67,2017-10-31T18:40:21.000Z,0.001348,0xe5c5f7b4e7d4a86da73bb6a3e7fde89a9e8f1041,buy,0xfec0cf7fe078a500abf15f1284958f22049c2c7e,0xdff957930f372a0fffa3b6182fe1e2353955a3068bf0e79c97fe38fb5dfeab5c
24,0.000036332264045252,0.000000048975891933,0x457ead0f22dcf5a61c2d661abe4c91444988ac67,2017-10-31T18:17:33.000Z,0.0013480000000000083,0xe5c5f7b4e7d4a86da73bb6a3e7fde89a9e8f1041,buy,0xfec0cf7fe078a500abf15f1284958f22049c2c7e,0x94f45da06d4b859ff6c6fc18cb5f21388ae5ef54586109c0d8729f007228342d
25,0.3644489406282656,0.000491277171966902,0x457ead0f22dcf5a61c2d661abe4c91444988ac67,2017-10-31T18:13:15.000Z,0.001348,0xe5c5f7b4e7d4a86da73bb6a3e7fde89a9e8f1041,buy,0xfec0cf7fe078a500abf15f1284958f22049c2c7e,0x3fcc937df4a3b0c2af4c5acbcfed9036264a08f1ec00ad40dc3670473d3ee4b3
26,1600.3291283628018,1.6803455847809419,0xcc24d8fd93eadc300d08b0dfe6536897a81d06ea,2017-10-31T18:11:20.000Z,0.00105,0xb00548770ea87482f024cd4292a975fea72e8f01,sell,0xfec0cf7fe078a500abf15f1284958f22049c2c7e,0x4c0c969918dd155f3a78d07abe8d0766d379fc976f9f468c953e9027644b1417
27,606.468833615791,0.667722185810986,0xcc24d8fd93eadc300d08b0dfe6536897a81d06ea,2017-10-31T18:10:32.000Z,0.001101,0xb00548770ea87482f024cd4292a975fea72e8f01,sell,0xfec0cf7fe078a500abf15f1284958f22049c2c7e,0xb6bbb5d5e2aa7ff83a3ac884af7015df9ed4450746f88d696a627044a4edbebc
28,65,0.071565,0xcc24d8fd93eadc300d08b0dfe6536897a81d06ea,2017-10-31T18:03:13.000Z,0.001101,0x2fb5ff5b0e76a8514e47b203efce6b9e6e728569,sell,0xfec0cf7fe078a500abf15f1284958f22049c2c7e,0x88865e9af23e3252f9ffd6a278f46924204ced706197ae65a6ca1d1ddbd00dc3
29,328.531166384209,0.3617128141890141,0xcc24d8fd93eadc300d08b0dfe6536897a81d06ea,2017-10-31T16:53:27.000Z,0.001101,0x26a7f4ab31d95cb549daaf4c0335bd7204581f05,sell,0xfec0cf7fe078a500abf15f1284958f22049c2c7e,0xefcbd999a63a7486cfbc6a98ebeadd37aa886a7d4204ec42023635fffe1533e8
30,500,0.551,0xba731793fe7ff79f04b01bfdcdca930684d005a8,2017-10-31T16:52:38.000Z,0.001102,0x26a7f4ab31d95cb549daaf4c0335bd7204581f05,sell,0xfec0cf7fe078a500abf15f1284958f22049c2c7e,0xa53036cc1acef87b7d6c280446e4b8da6394585e0401b786831fa5b60754bef3
31,607.129,0.681805867,0x402a308b2494cff493a142fae98889ba6466bfa4,2017-10-31T16:52:38.000Z,0.001123,0x26a7f4ab31d95cb549daaf4c0335bd7204581f05,sell,0xfec0cf7fe078a500abf15f1284958f22049c2c7e,0x39b323206635a50127bfa84cbd28b68fccb45b056e4b1d865475735693cbcdfc
32,448.65,0.62811,0x1804111464a198d8b0450bdbf7cb9fd65a903baf,2017-10-31T16:36:43.000Z,0.0014,0x273a5d3e6721b9f5c1a6474f560c1334c63dda01,sell,0xfec0cf7fe078a500abf15f1284958f22049c2c7e,0x52fe04016ad4c6bfb5a6a445b0fb795c40782940a31d1dfe970ab5d989eb889c
33,450,0.60705,0x273a5d3e6721b9f5c1a6474f560c1334c63dda01,2017-10-31T16:36:43.000Z,0.001349,0xba731793fe7ff79f04b01bfdcdca930684d005a8,buy,0xfec0cf7fe078a500abf15f1284958f22049c2c7e,0x52fe04016ad4c6bfb5a6a445b0fb795c40782940a31d1dfe970ab5d989eb889c
34,1000,1.101,0xcc24d8fd93eadc300d08b0dfe6536897a81d06ea,2017-10-31T14:36:42.000Z,0.001101,0xf670f88302153719199d1ae2c0949fb89c886d11,sell,0xfec0cf7fe078a500abf15f1284958f22049c2c7e,0x3a552d53740c7e43135fbc80d6a26e6da66ea6cebf0fe04ee3117b03a4e96eed
35,10,0.01101,0x273a5d3e6721b9f5c1a6474f560c1334c63dda01,2017-10-31T14:31:10.000Z,0.001101,0xf670f88302153719199d1ae2c0949fb89c886d11,buy,0xfec0cf7fe078a500abf15f1284958f22049c2c7e,0x60b496a55ce05f3cc3f129b5018ef5ac6831164d6366825d2b43687d6ed253c9
36,9.97,0.011964,0x244beb883da53d9f6169762af296e944aba5bb84,2017-10-31T14:31:10.000Z,0.0012,0x273a5d3e6721b9f5c1a6474f560c1334c63dda01,sell,0xfec0cf7fe078a500abf15f1284958f22049c2c7e,0x60b496a55ce05f3cc3f129b5018ef5ac6831164d6366825d2b43687d6ed253c9
37,1000,1.15,0xba731793fe7ff79f04b01bfdcdca930684d005a8,2017-10-31T14:25:22.000Z,0.00115,0xf670f88302153719199d1ae2c0949fb89c886d11,sell,0xfec0cf7fe078a500abf15f1284958f22049c2c7e,0xa03b5bf7d95301e5d3ebcbc87227f6ca899e06ed397bc1d6c40bba37e1ffd3bc
38,275,0.2398,0x3da9ab8ab69bfae5910663e703c3394193ac4df8,2017-10-31T03:20:54.000Z,0.000872,0xb00548770ea87482f024cd4292a975fea72e8f01,sell,0xfec0cf7fe078a500abf15f1284958f22049c2c7e,0x1475c639fa8f1f53336fc37ecf3c05aacc5958938cd88edad8bbdf6319720245
39,1500,1.71,0x0bbbedfbc145ec0618e9d3f6e29f37707648d70f,2017-10-31T03:20:18.000Z,0.00114,0xb00548770ea87482f024cd4292a975fea72e8f01,sell,0xfec0cf7fe078a500abf15f1284958f22049c2c7e,0x13e99c30c4ff04efbb4d4a2592cc748595730569edd13dff91e268f93355a726
40,513.9,0.46821429,0x3da9ab8ab69bfae5910663e703c3394193ac4df8,2017-10-31T03:20:18.000Z,0.0009111,0xb00548770ea87482f024cd4292a975fea72e8f01,sell,0xfec0cf7fe078a500abf15f1284958f22049c2c7e,0x71ce38e296b89aba4ae5be739428acec1a6e83e62cece695e131fa46d22c1565
41,300,0.381,0x7a5ef7b9fed8ccb4b8b6ebf1f806465172166a61,2017-10-31T03:19:58.000Z,0.00127,0xb00548770ea87482f024cd4292a975fea72e8f01,sell,0xfec0cf7fe078a500abf15f1284958f22049c2c7e,0x433798e8eadaaa182f6de4be0104c0917173294eb7b98da4b9b079402e81213a
42,229.999,0.30129869,0xf082e67d73561f40c30a9cd41a1b24999ef57362,2017-10-31T03:19:58.000Z,0.00131,0xb00548770ea87482f024cd4292a975fea72e8f01,sell,0xfec0cf7fe078a500abf15f1284958f22049c2c7e,0x46d3fc6825785203cfdf8b6725800e3bdbb70f21e3cf73fe1c6088668a133fe1
43,1664,2.223104,0x402a308b2494cff493a142fae98889ba6466bfa4,2017-10-31T03:19:58.000Z,0.001336,0xb00548770ea87482f024cd4292a975fea72e8f01,sell,0xfec0cf7fe078a500abf15f1284958f22049c2c7e,0xc2b151581e649afe4377fe954d04bbce13a63c19912cd46c09cc9a9019d05f23
44,252.6758865629462,0.338080336221222,0x402a308b2494cff493a142fae98889ba6466bfa4,2017-10-31T03:19:58.000Z,0.001338,0xb00548770ea87482f024cd4292a975fea72e8f01,sell,0xfec0cf7fe078a500abf15f1284958f22049c2c7e,0xf1fb012a7bbd273582acd51619838ac8945de896370e64d9dd03beb5e45ed97c
45,0.01,0.0000158,0x0c4085d8e714ca77ac5f46cd2b80a92d238a7cd3,2017-10-31T00:59:16.000Z,0.00158,0x402a308b2494cff493a142fae98889ba6466bfa4,buy,0xfec0cf7fe078a500abf15f1284958f22049c2c7e,0x65a291878afbcc0228b9630555ebee1be2fff94288788e72f750bb2561ba7e4a
46,1408.3241134370537,1.884337663778778,0x402a308b2494cff493a142fae98889ba6466bfa4,2017-10-30T19:58:04.000Z,0.001338,0x40143e13996934f3f37dcab2963c0183f3f9d160,sell,0xfec0cf7fe078a500abf15f1284958f22049c2c7e,0x15e76d26b9bd167da64102cf8177fceb3354152b3572aee482898c9194375388
47,984.254,1.3779556,0xcc24d8fd93eadc300d08b0dfe6536897a81d06ea,2017-10-30T19:55:30.000Z,0.0014,0x40143e13996934f3f37dcab2963c0183f3f9d160,sell,0xfec0cf7fe078a500abf15f1284958f22049c2c7e,0xd039275797141a2ba0dcc51d8e88739a8540231528fbc810d0a2171d06c863f0
48,279.9322101485395,0.39190509420795533,0xcc24d8fd93eadc300d08b0dfe6536897a81d06ea,2017-10-30T16:41:01.000Z,0.0014,0x77c3db040f79ae46a91529a667c03ab484b37116,sell,0xfec0cf7fe078a500abf15f1284958f22049c2c7e,0x795c57e927c1ded8899764becc17c2ae63885912a4bc6f0f31fa60ce32946190
49,195.11653332344648,0.3100401714509564,0xbcaa4309cf1ebdfed71d14aad5a64e51dd438e30,2017-10-30T16:37:24.000Z,0.001589,0x0adf995fa7122d997e1937f83ad9775bb8b69245,buy,0xfec0cf7fe078a500abf15f1284958f22049c2c7e,0x25d16a4cb9e950563a5d59406c082b0700c797e97d8047a78a1225363d5e9787
50,398.81352355600137,0.5583389329784019,0xcc24d8fd93eadc300d08b0dfe6536897a81d06ea,2017-10-30T15:12:20.000Z,0.0014,0x3dca25d72528249a844e64a762cc3bfd12da514e,sell,0xfec0cf7fe078a500abf15f1284958f22049c2c7e,0x9afef1c27d53d8816bc3629fe23bab8f43090881e7f710457afe0e58966be5b3
51,75,0.12,0x15c423e2c5e4980d556acd3a02ccb160d0a1d03a,2017-10-30T11:23:47.000Z,0.0016,0x51bd44d8ed6ae3dc054708f687536eec41742ec9,buy,0xfec0cf7fe078a500abf15f1284958f22049c2c7e,0xe7551eda41bc1083080fa0b61d9dfc2c73fe823c627b26489ce87c1f4b1aecb6
52,3.466595462787373,0.005858546332110661,0x7a5ef7b9fed8ccb4b8b6ebf1f806465172166a61,2017-10-30T06:40:38.000Z,0.00169,0x6a76d18cb13f1143da9ea4e179643c90085174d9,buy,0xfec0cf7fe078a500abf15f1284958f22049c2c7e,0x6437e731810e4628358da77a9a95f78e4ff2d3d5803dcaf1e77353af05843634
53,3.3,0.00561,0x6e4120b8e9ef505bc804020d40f4eba4e7d44fb9,2017-10-30T06:37:26.000Z,0.0017,0x7a5ef7b9fed8ccb4b8b6ebf1f806465172166a61,sell,0xfec0cf7fe078a500abf15f1284958f22049c2c7e,0x2d59096d551ee487202e36ad5755d10313c122b1fa3c9d732daca67bc72ae155
54,1323.651935806018,2.22373525215411,0x485fd36a3dd6648b8b8af61f3e9eb76d898242d5,2017-10-30T06:13:08.000Z,0.00168,0x402a308b2494cff493a142fae98889ba6466bfa4,buy,0xfec0cf7fe078a500abf15f1284958f22049c2c7e,0x810f8228f4998d1f8e12072633742ebaae2e3756e75066bf2904a2b23c169ade
55,0.3498277098528,0.00059470710674976,0x6e4120b8e9ef505bc804020d40f4eba4e7d44fb9,2017-10-30T01:54:22.000Z,0.0017,0x379374d13077e8867ef31803c37baf9785a17c00,sell,0xfec0cf7fe078a500abf15f1284958f22049c2c7e,0xf31388ab59c3b3f59207f959a61315a2a9c9aa3c9c71704d9deb07c6f8a9d01e
56,0.3498277098528,0.00059470710674976,0x6e4120b8e9ef505bc804020d40f4eba4e7d44fb9,2017-10-30T01:52:37.000Z,0.0017,0x16e5d97bbc92417e051e3b2cabfbf8ceea2acb9c,sell,0xfec0cf7fe078a500abf15f1284958f22049c2c7e,0x039bba8425e4381e8486e48f8e2394c76cfcbd30dd1601f35476ea86fa970e3a
57,400,0.6,0x1590cb0d5e1447204c8e155b87224f5c13ddd142,2017-10-30T01:25:17.000Z,0.0015,0x9778550d76b07ac9f5e57392f68ecdf6efc1774e,sell,0xfec0cf7fe078a500abf15f1284958f22049c2c7e,0x7808e9236afcd5ce36cda35b8aa24fecc832693c407f8fb230fea077f7abea13
58,50,0.086,0x38f5ecbd20276178d8cf7453aab347260c9cdea7,2017-10-30T00:13:33.000Z,0.00172,0x6a76d18cb13f1143da9ea4e179643c90085174d9,buy,0xfec0cf7fe078a500abf15f1284958f22049c2c7e,0x384baee1b1d9082d577ff22fab86fc4de78072691c41c321e93e9a16a2932519
59,329.6258504114683,0.5669564627077255,0x00ef4ba003042f37647d14575e5a86f264c69f47,2017-10-29T21:56:44.000Z,0.00172,0x6a76d18cb13f1143da9ea4e179643c90085174d9,buy,0xfec0cf7fe078a500abf15f1284958f22049c2c7e,0x42f11ee7461b8b96fd8c19088ca41f64124f19c4db892fb4bf665bbff0cc2efb
60,199.38233476223706,0.3012667078257402,0x485fd36a3dd6648b8b8af61f3e9eb76d898242d5,2017-10-29T20:17:52.000Z,0.001511,0x7a5ef7b9fed8ccb4b8b6ebf1f806465172166a61,sell,0xfec0cf7fe078a500abf15f1284958f22049c2c7e,0xb278d92a836c4b869d1b0b1e2a947f1bf18840b2467fdb6ed1e3a9ee92fe18b1
61,960,1.4496,0x249c83e6a48fa43c2f0cfbedfeaac4709a674550,2017-10-29T18:38:00.000Z,0.00151,0x91c4291ea804d6b6353f0cbf4931ad8d47796035,buy,0xfec0cf7fe078a500abf15f1284958f22049c2c7e,0x0c77e04f13ecca70ddfd8c1375b39a1978a64444cbbb8207e2be63bdc9ff21cc
62,25.480021480942362,0.04446263748424442,0xf73b818a719f3e2b9d90db5eb16e9e714d3f7d97,2017-10-29T17:09:35.000Z,0.001745,0x8923ba8200ff143843766cb299423d94f2e9e98d,buy,0xfec0cf7fe078a500abf15f1284958f22049c2c7e,0xf18315072af36ff793430d042c046f0d1165476dd80db27b1cbb65d6599cd5bc
63,960,1.44,0xcc24d8fd93eadc300d08b0dfe6536897a81d06ea,2017-10-29T13:16:27.000Z,0.0015,0x51dc4be759f6109c78940645ecf0c0e64a30505f,buy,0xfec0cf7fe078a500abf15f1284958f22049c2c7e,0x03086be49306de82df8b26654cd84803ddddf157c4f2ee0e0814f35f29fcf8d8
64,498.45479024960906,0.6405144054707477,0x69c801419a56628c2d194b91114924a0ab5df56a,2017-10-29T01:53:36.000Z,0.001285,0x3dca25d72528249a844e64a762cc3bfd12da514e,sell,0xfec0cf7fe078a500abf15f1284958f22049c2c7e,0x7e28eaadd7ab6368fa4cd0fc08a0eee3d40a3a10a39f8e638e46de007497cb12
65,0.00099382871129605,0.000001301915611797,0xf082e67d73561f40c30a9cd41a1b24999ef57362,2017-10-29T01:51:48.000Z,0.0013099999999991695,0x3dca25d72528249a844e64a762cc3bfd12da514e,sell,0xfec0cf7fe078a500abf15f1284958f22049c2c7e,0x59d419bcee72b178a693c37574b8f390de31f3dc37d0a45ee538fbe6176df1ab
66,78.654,0.115542726,0x6a76d18cb13f1143da9ea4e179643c90085174d9,2017-10-29T01:44:37.000Z,0.001469,0x3fbc56d3dc53375f5a0b5412f299b452404b5150,buy,0xfec0cf7fe078a500abf15f1284958f22049c2c7e,0xb71bda259c0c7f246696d9b59e3b34cd0afad7e86d7ed10fe44ff16e815366c4
67,3600,5.292,0x63ddb0d7750aa11251330fea651e2a7fa1db53df,2017-10-29T01:30:30.000Z,0.00147,0x6a76d18cb13f1143da9ea4e179643c90085174d9,buy,0xfec0cf7fe078a500abf15f1284958f22049c2c7e,0x017e66a9790c91e2319b207e58723fdb011176fd68405a37a0c8f89fe5cd88a4
68,1000,1.469,0x63ddb0d7750aa11251330fea651e2a7fa1db53df,2017-10-29T01:30:30.000Z,0.001469,0x3fbc56d3dc53375f5a0b5412f299b452404b5150,buy,0xfec0cf7fe078a500abf15f1284958f22049c2c7e,0xab97ef799a4441460317f30652466043cdc07a94ab4be79627117d618ae88bf5
69,1600,2.4,0x63ddb0d7750aa11251330fea651e2a7fa1db53df,2017-10-29T01:26:21.000Z,0.0015,0x00009277775ac7d0d59eaad8fee3d10ac6c805e8,buy,0xfec0cf7fe078a500abf15f1284958f22049c2c7e,0xf8b10183113c665997a1d001aee0f34e4b56d1034d184f9778013437a3d9e9eb
70,550.6039394830528,0.8088371871006046,0xf670f88302153719199d1ae2c0949fb89c886d11,2017-10-28T22:39:53.000Z,0.001469,0x3fbc56d3dc53375f5a0b5412f299b452404b5150,buy,0xfec0cf7fe078a500abf15f1284958f22049c2c7e,0x86df9a98f8189e856f5343a78a75117b28e7508a4aa75e97f188eb0abf471920
71,3320.225,4.8740903,0xf670f88302153719199d1ae2c0949fb89c886d11,2017-10-28T22:39:42.000Z,0.001468,0x6a76d18cb13f1143da9ea4e179643c90085174d9,buy,0xfec0cf7fe078a500abf15f1284958f22049c2c7e,0xe880063a7ef250eca10c6e5214fc98e938ff72bcd7cfebfa228cf1c958e7b43d
72,679.0937195511353,0.9969095803010667,0x44afee84aea24ba46374a450b1fd9bc79d8b9005,2017-10-28T22:26:15.000Z,0.001468,0x6a76d18cb13f1143da9ea4e179643c90085174d9,buy,0xfec0cf7fe078a500abf15f1284958f22049c2c7e,0xee0f1311844e83d658c9bef54e3b708dc18df0b855816c351a91ab994cfa0d75
73,0.1908151125688414,0.000245197419650961,0x69c801419a56628c2d194b91114924a0ab5df56a,2017-10-28T18:43:18.000Z,0.001284999999999999,0xfe100b41e2463194787391e411948096b08ed3b2,sell,0xfec0cf7fe078a500abf15f1284958f22049c2c7e,0x8734bf2977a3a31e035bec7083da9163587dbd90ac3035d1bfc814020ccc9108
74,1914.066394178048,2.4595753165187917,0x69c801419a56628c2d194b91114924a0ab5df56a,2017-10-28T18:38:00.000Z,0.001285,0xfe100b41e2463194787391e411948096b08ed3b2,sell,0xfec0cf7fe078a500abf15f1284958f22049c2c7e,0xba005fcf2e5e88123e072b0afc2e77383029d198b40d82f3a15ffeaebe24be6b
75,210.742,0.309579998,0x6fd350dee8989b12a9201a6e4ab54bd05156f1cd,2017-10-28T11:57:40.000Z,0.001469,0x3fbc56d3dc53375f5a0b5412f299b452404b5150,buy,0xfec0cf7fe078a500abf15f1284958f22049c2c7e,0xdbab7f4f2c8d0fcf1e65a202a9bdf3423ce7a69d2945152b32fe1608b29dd2d6
76,9.969095803010667,0.012760442627853653,0xcc24d8fd93eadc300d08b0dfe6536897a81d06ea,2017-10-28T10:04:38.000Z,0.0012799999999999999,0x3dca25d72528249a844e64a762cc3bfd12da514e,sell,0xfec0cf7fe078a500abf15f1284958f22049c2c7e,0x2f20781e1926e51d919f47bfcd57f2102f0851429975f32419fa668cbb345b5a
77,239.258299272256,0.3019439736815871,0x6fd350dee8989b12a9201a6e4ab54bd05156f1cd,2017-10-27T21:57:34.000Z,0.0012619999999999999,0x18844b38287df0849ed298d96eb68bbccb7fc158,sell,0xfec0cf7fe078a500abf15f1284958f22049c2c7e,0x6cb1211a62d36009e7cf05678804a97f45e47267fa5b5c1e344019d2fca3809c
78,7.49,0.010486,0x6a76d18cb13f1143da9ea4e179643c90085174d9,2017-10-27T20:31:48.000Z,0.0014,0xda0f4e03b1f9eb0209abcd1cce97cf2b04b3092d,buy,0xfec0cf7fe078a500abf15f1284958f22049c2c7e,0x04d396c030c555cc06e6d78bc732a902d175ec097ba7141f35634ce43b561df1
79,160,0.23504,0x8dfd4f3a3b243a67bb8d2ff154ef85ccdc312568,2017-10-27T20:16:03.000Z,0.001469,0x3fbc56d3dc53375f5a0b5412f299b452404b5150,buy,0xfec0cf7fe078a500abf15f1284958f22049c2c7e,0xf357233cfc512323238edb0ff6d6e477a69d56ac634d4f44e3d1ba3e820724b4
80,90,0.126,0x8dfd4f3a3b243a67bb8d2ff154ef85ccdc312568,2017-10-27T20:11:41.000Z,0.0014,0xda0f4e03b1f9eb0209abcd1cce97cf2b04b3092d,buy,0xfec0cf7fe078a500abf15f1284958f22049c2c7e,0xf727d110c31e2f8198efe7af5f24e5783d1641a9ed67cbbc9a2c0090c4640464
81,150,0.201,0xd22ce2a3aa712d7cf5583b4ca88f181c8407610b,2017-10-27T17:02:47.000Z,0.00134,0x0bbbedfbc145ec0618e9d3f6e29f37707648d70f,buy,0xfec0cf7fe078a500abf15f1284958f22049c2c7e,0x6c413c99043ed94db102a6b96578379341cee8dec18dda513a093fb637d9469f
82,180.49610582567175,0.2274250933403464,0x1590cb0d5e1447204c8e155b87224f5c13ddd142,2017-10-27T13:53:47.000Z,0.00126,0xe6fe4cbee8d62718fadb696189a83aadcca8b4e3,sell,0xfec0cf7fe078a500abf15f1284958f22049c2c7e,0x37c801308c5c204e36c557d8b42da9f07ef58a5bde53a58258c77f305665f184
83,1688.4,2.144268,0xba731793fe7ff79f04b01bfdcdca930684d005a8,2017-10-27T13:52:14.000Z,0.00127,0xe6fe4cbee8d62718fadb696189a83aadcca8b4e3,sell,0xfec0cf7fe078a500abf15f1284958f22049c2c7e,0x9d7530ad2585246df986571a61f0bc827231e8fd4621a097c2d47ed987c27c2c
84,45.34312686567164,0.06075979,0xc8d8737fff15b4e95d459375974556297dd069fa,2017-10-27T13:51:07.000Z,0.00134,0xe6fe4cbee8d62718fadb696189a83aadcca8b4e3,sell,0xfec0cf7fe078a500abf15f1284958f22049c2c7e,0xb36137bb9b46b0403db61f282fd1b30358a55b83ef8872e3db593d6aaa3a0667
85,120,0.168,0x5f4e21c3c3c7225b65981d6ee772696f809ccc37,2017-10-27T12:56:55.000Z,0.0014,0xda0f4e03b1f9eb0209abcd1cce97cf2b04b3092d,buy,0xfec0cf7fe078a500abf15f1284958f22049c2c7e,0xbcdc6f43786939fae3c8f0bf1705346660fd787ad4794c44d4f17eb44d3ea0d3
86,750,1.005,0x92f232fd3413bc687fc26d1affb451f87d56c811,2017-10-27T12:54:13.000Z,0.00134,0x0bbbedfbc145ec0618e9d3f6e29f37707648d70f,buy,0xfec0cf7fe078a500abf15f1284958f22049c2c7e,0x8761560e8d84b8706e4777379591aaa0c2709bc484113b56d0c3930ea3a66685
87,100,0.134,0xac5c1e82b614ca8c022577a857c9f6354911f900,2017-10-27T11:28:47.000Z,0.00134,0x0bbbedfbc145ec0618e9d3f6e29f37707648d70f,buy,0xfec0cf7fe078a500abf15f1284958f22049c2c7e,0xf3c573bebedd11f11674590efb6a4664e9058cf3c3dec58dded7930952c2c5db
88,4702.925972122758,6.0150423183450075,0x17c342d93ae3f44cdb81336b986f12046f912511,2017-10-27T10:08:56.000Z,0.001279,0x6a76d18cb13f1143da9ea4e179643c90085174d9,buy,0xfec0cf7fe078a500abf15f1284958f22049c2c7e,0xc72e4e6cf9555399b551fac1303697caaccb0e6bd151c080ea09a1359e1b5988
89,1200,1.534788,0x17c342d93ae3f44cdb81336b986f12046f912511,2017-10-27T10:01:25.000Z,0.00127899,0x3fbc56d3dc53375f5a0b5412f299b452404b5150,buy,0xfec0cf7fe078a500abf15f1284958f22049c2c7e,0x13f20db00d615fbf78852dacfc2455a5407c7d44cb1ac3b64bc312c06fad2421
90,1800,2.302182,0x9778550d76b07ac9f5e57392f68ecdf6efc1774e,2017-10-27T09:30:57.000Z,0.00127899,0x3fbc56d3dc53375f5a0b5412f299b452404b5150,buy,0xfec0cf7fe078a500abf15f1284958f22049c2c7e,0x9cc7e3a98397186c2e6f3eb23b235bd53f5927de1a25b9154eddd241621fdfb6
91,420,0.462,0x402a308b2494cff493a142fae98889ba6466bfa4,2017-10-27T03:38:18.000Z,0.0011,0x6bc35fff1dad9fecf029425c5747422ef643e3b6,sell,0xfec0cf7fe078a500abf15f1284958f22049c2c7e,0xf1fcb7d2c9b2cae8564796f7c41a19a37e3290dbd1efaf0778e14fc43f7ed52b
92,552.1332594151145,0.7061784387919314,0xee33ba113e263f66603b56ae24145853af80e917,2017-10-26T19:26:41.000Z,0.001279,0x6a76d18cb13f1143da9ea4e179643c90085174d9,buy,0xfec0cf7fe078a500abf15f1284958f22049c2c7e,0x200f4203d7dbaced5d24ef1af68ae76eb38f3745ddaea6f9c44ddb41a5886504
93,155.2,0.1985008,0x4245434f8e5e2784c5eb7ea778527269b059bb1f,2017-10-26T16:04:42.000Z,0.001279,0x6a76d18cb13f1143da9ea4e179643c90085174d9,buy,0xfec0cf7fe078a500abf15f1284958f22049c2c7e,0xcc3087a8529d322de67aaaf5886b6f68a7d7e64c509029ab8f4b54394553ba36
94,143.5549795633536,0.1435549795633536,0x402a308b2494cff493a142fae98889ba6466bfa4,2017-10-26T13:43:20.000Z,0.001,0x6b954cfcc0152c6752521be9810914573289b009,sell,0xfec0cf7fe078a500abf15f1284958f22049c2c7e,0x0eac31e610c9c7b41cb82d27325584f85d6dee1e2ec2e947464219bed10c578e
95,543,0.695039457,0x402a308b2494cff493a142fae98889ba6466bfa4,2017-10-26T13:29:03.000Z,0.001279999,0x8a9bcdc68d19e111663d6c986caf1da1eda1c304,buy,0xfec0cf7fe078a500abf15f1284958f22049c2c7e,0x76293fa368e1d3e4219d1d58d9b1d10465705e33bdf4bf13f562911ee7438ae3
96,356.529,0.456000591,0x402a308b2494cff493a142fae98889ba6466bfa4,2017-10-26T13:27:14.000Z,0.001279,0x56661e238d6784951f00c036a3a1224dcadd6840,buy,0xfec0cf7fe078a500abf15f1284958f22049c2c7e,0x87bbb39df9f425a3a693bc931738e5943b8da9a6d57c3c366f50f962e0c147f9
97,294,0.376026,0xc67ab0862f695fcc5d9a4bb58768e4d355476fbd,2017-10-26T12:36:04.000Z,0.001279,0x89a03a29010c5929c3d2a7709ab162d166295b0c,sell,0xfec0cf7fe078a500abf15f1284958f22049c2c7e,0x219df8da5f1abeb498f42f4d3b6c7fd8b2ba7929d3907828ef84e8596c1b11c6
98,389.7407684621272,0.4984784428630607,0x5f70ff64b746c1b286bc4541cebe8fdab26cdd84,2017-10-26T12:05:17.000Z,0.001279,0x6a76d18cb13f1143da9ea4e179643c90085174d9,buy,0xfec0cf7fe078a500abf15f1284958f22049c2c7e,0x6fd2ed56296ae2806c881511d9224241584fecba8dad7fc0ba2c499e4705abd3
99,647,0.75699,0xc67ab0862f695fcc5d9a4bb58768e4d355476fbd,2017-10-26T11:29:24.000Z,0.00117,0xd22ce2a3aa712d7cf5583b4ca88f181c8407610b,buy,0xfec0cf7fe078a500abf15f1284958f22049c2c7e,0x45530435341cfd5d8a7d91ec1071a971e43095c9e012ff4c93ef93aee284651a
100,0.05724453377065242,0.000054954752419826,0xd22ce2a3aa712d7cf5583b4ca88f181c8407610b,2017-10-26T02:27:04.000Z,0.0009599999999999944,0xf5bedf0fdb48e812d91b352e5ffa9c402ce6bbf4,sell,0xfec0cf7fe078a500abf15f1284958f22049c2c7e,0xd70e288285916dc77f4d0f5a0849ae67543dcb4459e9ce5d969afff35df1d050
101,745.882705612601,0.6961323291482404,0x17c342d93ae3f44cdb81336b986f12046f912511,2017-10-26T00:35:15.000Z,0.0009333,0x023ff4d094277db7b65fb5322cd8b860b74e9ef5,sell,0xfec0cf7fe078a500abf15f1284958f22049c2c7e,0xb7a5f509d0ea6d07cd00111784c31a910631bfa8b50fc65129ee138af7f19e4f
102,2357.417,2.21597198,0x69c801419a56628c2d194b91114924a0ab5df56a,2017-10-26T00:33:09.000Z,0.00094,0x023ff4d094277db7b65fb5322cd8b860b74e9ef5,sell,0xfec0cf7fe078a500abf15f1284958f22049c2c7e,0x25b0ef46c97a75ea159238149a68faa65a1eae98f3ecb60701fedbf55c41f0b2
103,1236,1.161841236,0xce8a478eca8691f4e91fa87cce93a8327c2642ba,2017-10-26T00:32:40.000Z,0.000940001,0x023ff4d094277db7b65fb5322cd8b860b74e9ef5,sell,0xfec0cf7fe078a500abf15f1284958f22049c2c7e,0xb81181bdb59724389c6ac486a701bf1b16bedc57031a420493e5db3c846ae710
104,446.269,0.42395555,0xd22ce2a3aa712d7cf5583b4ca88f181c8407610b,2017-10-26T00:31:59.000Z,0.00095,0x023ff4d094277db7b65fb5322cd8b860b74e9ef5,sell,0xfec0cf7fe078a500abf15f1284958f22049c2c7e,0xf65044b2fce18005a37301fe717203d4bd72cb1d8d39c0b3945b37606c92417f
105,200.73072157670205,0.19069418549786696,0xd22ce2a3aa712d7cf5583b4ca88f181c8407610b,2017-10-26T00:00:12.000Z,0.00095,0x1ed014aec47fae44c9e55bac7662c0b78ae61798,sell,0xfec0cf7fe078a500abf15f1284958f22049c2c7e,0xacfccd24d19cfe37b10c7d95dabb944c4073bfd61dddfad4059fab20512558f3
106,2392.58299272256,2.2490280131592066,0x69c801419a56628c2d194b91114924a0ab5df56a,2017-10-25T21:39:18.000Z,0.00094,0xebbf00918819af588274b40bf236847b1cd5575d,sell,0xfec0cf7fe078a500abf15f1284958f22049c2c7e,0x968b4a7485b4214874f2b29e0e04fc60dbc469f3b20d065b55b380b6656394ce
107,35,0.03955,0x74c6f5f3b967117ebcde7c1ac7504615285afa43,2017-10-25T20:38:54.000Z,0.00113,0xd22ce2a3aa712d7cf5583b4ca88f181c8407610b,buy,0xfec0cf7fe078a500abf15f1284958f22049c2c7e,0x03cbb61906176be1b9ed168835b2e3b705048bb081eedbbd9d8dfa0196204421
108,1250,1.6125,0x70efbe60529951adfb8ef692e0bcf7be8a7a7fd6,2017-10-25T12:18:47.000Z,0.00129,0x17c342d93ae3f44cdb81336b986f12046f912511,buy,0xfec0cf7fe078a500abf15f1284958f22049c2c7e,0x3192d5854c2d930254363a3e1bab3199decc2255b50968a50c53a9ca96f9cb3c
109,10,0.0129,0x3dca25d72528249a844e64a762cc3bfd12da514e,2017-10-25T11:04:36.000Z,0.00129,0x17c342d93ae3f44cdb81336b986f12046f912511,buy,0xfec0cf7fe078a500abf15f1284958f22049c2c7e,0xadb917900f61576748162ab87112044d378fef2c30ca6bc69ffd553465e07f37
110,54,0.06966,0xf4c69bd9703bd9352b825ec7adda0111afa756c1,2017-10-25T11:02:12.000Z,0.00129,0x17c342d93ae3f44cdb81336b986f12046f912511,buy,0xfec0cf7fe078a500abf15f1284958f22049c2c7e,0x9afe9ce504b35a62d66071e3f0dbad77a326149ce0b65159058105e54ae4edde
111,1080,0.13932,0x273a5d3e6721b9f5c1a6474f560c1334c63dda01,2017-10-25T10:10:27.000Z,0.000129,0x17c342d93ae3f44cdb81336b986f12046f912511,buy,0xfec0cf7fe078a500abf15f1284958f22049c2c7e,0x1a1999a714d779fbcf022118f237121bc9b54b861e7c5e1ebc89502273b61080
112,1076.76,0.930966696,0xbeb1fd865feea5006c74bcb615ebb00f1a05d469,2017-10-25T10:10:27.000Z,0.0008646,0x273a5d3e6721b9f5c1a6474f560c1334c63dda01,sell,0xfec0cf7fe078a500abf15f1284958f22049c2c7e,0x1a1999a714d779fbcf022118f237121bc9b54b861e7c5e1ebc89502273b61080
113,150,0.195,0xa75fcdf436c9713b3757819f1fb235918749c3ba,2017-10-25T07:53:27.000Z,0.0013,0x51bd44d8ed6ae3dc054708f687536eec41742ec9,buy,0xfec0cf7fe078a500abf15f1284958f22049c2c7e,0xf71df377e41e479249d21b49c6a5ff73bd22d807e1ad3a17d5da3aa75772bb10
114,1000,0.932,0xe84120613f1ef5b77042ca57712931a6a0229367,2017-10-25T07:23:56.000Z,0.000932,0x51bd44d8ed6ae3dc054708f687536eec41742ec9,sell,0xfec0cf7fe078a500abf15f1284958f22049c2c7e,0x23acd70721ec1274c4d195e6cac95ca5c1c7ec2d7b3fbd1922fac81e6084a8f7
115,165.95553783271882,0.1545046057222612,0xa75fcdf436c9713b3757819f1fb235918749c3ba,2017-10-25T05:49:48.000Z,0.000931,0x8fa318faaec90b91c98c587879e2bd3c0209c8aa,sell,0xfec0cf7fe078a500abf15f1284958f22049c2c7e,0xeb22fe6aeab4c094babd8dab5690a03cd0d1f619691c6aa2483d56966aa2b4ec
116,1.1,0.00100221,0x3da9ab8ab69bfae5910663e703c3394193ac4df8,2017-10-25T03:52:38.000Z,0.0009111,0x90613f4b876ec41ca79beef573204e117788787b,sell,0xfec0cf7fe078a500abf15f1284958f22049c2c7e,0xe5414702fe369477ee9a3ab496810ce6a1fe49ec0565ac4c1ae0f0d36965abac
117,875,0.805,0x9da7ad646dc636de4bbc54ece8723a2bc346ca36,2017-10-25T03:50:32.000Z,0.00092,0x90613f4b876ec41ca79beef573204e117788787b,sell,0xfec0cf7fe078a500abf15f1284958f22049c2c7e,0x18f7a2130af98f057c87533fc0061752718758f284ec9e23d29c83aaaa50c820
118,1250,1.1625,0xe618a74ea5cfe69634b01924d9bd3b142675ccfd,2017-10-25T03:49:17.000Z,0.00093,0x90613f4b876ec41ca79beef573204e117788787b,sell,0xfec0cf7fe078a500abf15f1284958f22049c2c7e,0x332bd966e72f7c9ac0bd703549340d42158713a7cd3ac8f48d9b9d91f60ffb12
119,395.252,0.36758436,0x1006ecd6ec35d85a9d43cc12898369bfcee7f7ca,2017-10-25T03:49:17.000Z,0.00093,0x90613f4b876ec41ca79beef573204e117788787b,sell,0xfec0cf7fe078a500abf15f1284958f22049c2c7e,0xc9791a302bfe769b98686ec123881a2ccbc0f5edf9e9ba9ec9da4b812d77a650
120,350,0.32550035,0xdd8c5bfe09d6f2a8b9054ffd83da98f52f26c15c,2017-10-25T03:48:56.000Z,0.000930001,0x90613f4b876ec41ca79beef573204e117788787b,sell,0xfec0cf7fe078a500abf15f1284958f22049c2c7e,0xbdbb9a2cbf273271a53169dd09c25c79ddd059fd6a53b22f50ad126ced88fd7a
121,1313.5505732230088,1.221602033097398,0x1006ecd6ec35d85a9d43cc12898369bfcee7f7ca,2017-10-25T02:44:28.000Z,0.0009299999999999999,0x58acf27231310d0e2321b9cc8bcb5d1dda0fa42b,sell,0xfec0cf7fe078a500abf15f1284958f22049c2c7e,0x56967d05c9d9beb1511c8d0f842836586ea027bdd810260e60a8d09652cfcfd7
122,1079.14,1.007161362,0x17c342d93ae3f44cdb81336b986f12046f912511,2017-10-25T02:42:21.000Z,0.0009333,0x58acf27231310d0e2321b9cc8bcb5d1dda0fa42b,sell,0xfec0cf7fe078a500abf15f1284958f22049c2c7e,0xdd7ca6118ef2f16a3ad2ada6d4802b1b770593a5fed35074cc63f7a6a080b88f
123,162.19284568351517,0.14759548957199883,0xee33ba113e263f66603b56ae24145853af80e917,2017-10-24T17:51:36.000Z,0.00091,0x3dee4a4e076e8d82859d241db0baf46f112cfa23,sell,0xfec0cf7fe078a500abf15f1284958f22049c2c7e,0xe26976a5e1ac2af500a9678a0f77f42187a272404811828c074e40634075cf30
124,162.6956435051341,0.14642770611105574,0x3dee4a4e076e8d82859d241db0baf46f112cfa23,2017-10-24T14:15:03.000Z,0.00090001,0x1aee0c34b748b932b0be20fbac569710951c0244,sell,0xfec0cf7fe078a500abf15f1284958f22049c2c7e,0xc7bbd1379a8c441cfd7c8877876d5ce43065b5edb3b5d10b645980a69796099b
125,291.19688864519986,0.2620771997806799,0x1006ecd6ec35d85a9d43cc12898369bfcee7f7ca,2017-10-24T12:41:11.000Z,0.0009,0x80872129a96f429312a717e2fab264562b1254d4,sell,0xfec0cf7fe078a500abf15f1284958f22049c2c7e,0xf0c971b9d046afc6df945b5d0b48f116e7ed2be69ce1c4f04a4e98ff5569df08
126,988.467,0.97846371396,0xea36a738ba82b3066bc7e77b949cfcf3bbab3a31,2017-10-24T12:39:35.000Z,0.00098988,0x80872129a96f429312a717e2fab264562b1254d4,sell,0xfec0cf7fe078a500abf15f1284958f22049c2c7e,0x7861dd2df38287a10e68cbeec47684b11a214821805649584e853f93b3321879
127,156,0.156,0xbcaa4309cf1ebdfed71d14aad5a64e51dd438e30,2017-10-24T12:39:05.000Z,0.001,0x80872129a96f429312a717e2fab264562b1254d4,sell,0xfec0cf7fe078a500abf15f1284958f22049c2c7e,0x640f7f865ba954f081df5a6e1e94e5a3e133d486db792140e281aff614659ed0
128,3600,5.004,0x58a8f5137694edd08964b5268f2e7a6ac514e19b,2017-10-24T11:33:51.000Z,0.00139,0x6a76d18cb13f1143da9ea4e179643c90085174d9,buy,0xfec0cf7fe078a500abf15f1284958f22049c2c7e,0x529c47b4365a7d304ba9a20ea3b70ee47fba748f631e4fc9ebeca27e6726f717
129,70.44460490434791,0.0697317055027159,0xea36a738ba82b3066bc7e77b949cfcf3bbab3a31,2017-10-24T11:01:26.000Z,0.00098988,0x9241691d9d7f9034ae8eb52749ebe7d828737155,sell,0xfec0cf7fe078a500abf15f1284958f22049c2c7e,0xec2acb4f91985ede5488a26b4caaee54165d2916631048991afdcce75426fd47
130,1420,1.8318,0x9778550d76b07ac9f5e57392f68ecdf6efc1774e,2017-10-24T04:24:14.000Z,0.00129,0x6a76d18cb13f1143da9ea4e179643c90085174d9,buy,0xfec0cf7fe078a500abf15f1284958f22049c2c7e,0xd7a6fce8865b0daf20d1d93ff7ac2d622aa2c95be7e08ef8a8f689eb21d6251d
131,200,0.24399998,0x9778550d76b07ac9f5e57392f68ecdf6efc1774e,2017-10-24T04:16:06.000Z,0.0012199999,0x48eaedfa6ab55f414a433f0778f55ed9b827e822,buy,0xfec0cf7fe078a500abf15f1284958f22049c2c7e,0x829e0b3d6dc63b089fffd61a223886aa489286ba90fec9d1f819b29fc8dff716
132,606,0.7272,0x9778550d76b07ac9f5e57392f68ecdf6efc1774e,2017-10-24T04:15:20.000Z,0.0012,0x0bbbedfbc145ec0618e9d3f6e29f37707648d70f,buy,0xfec0cf7fe078a500abf15f1284958f22049c2c7e,0xd52c40152944145be9f2c453f7a4f79521bda4de44eec4ef223a82a028469db0
133,480,0.5856,0x9778550d76b07ac9f5e57392f68ecdf6efc1774e,2017-10-24T04:15:20.000Z,0.00122,0x56b09c1424761cafa39d473abd6912ac67fd5d09,buy,0xfec0cf7fe078a500abf15f1284958f22049c2c7e,0xf143c3a6cfeb7d2bb6647090f655a1632945652b5bb25ff7aa0b53db9142b5cf
134,240,0.2052,0x9778550d76b07ac9f5e57392f68ecdf6efc1774e,2017-10-23T23:49:48.000Z,0.000855,0x1651abf9c34ae98b6ec0ce670229a1fd70f2742c,buy,0xfec0cf7fe078a500abf15f1284958f22049c2c7e,0x383402446bf2dddf842dafda5b76c67a2763b1a2d7e03f2b115e24d039378be7
135,0.86,0.0007353,0x17c342d93ae3f44cdb81336b986f12046f912511,2017-10-23T20:06:04.000Z,0.000855,0x7a5ef7b9fed8ccb4b8b6ebf1f806465172166a61,sell,0xfec0cf7fe078a500abf15f1284958f22049c2c7e,0x1b67f6aeb5d6cb0b567157d215f4ca5c82109e5b9083bc6c81fcebdf5bdd8f30
136,10.365833333333333,0.012438999999999999,0x7a5ef7b9fed8ccb4b8b6ebf1f806465172166a61,2017-10-23T18:55:12.000Z,0.0012,0x8a9bcdc68d19e111663d6c986caf1da1eda1c304,sell,0xfec0cf7fe078a500abf15f1284958f22049c2c7e,0x64d28de7e259b533e7d71af87f8de8f68422fe57e5bfce256e1429876d57d7dc
137,160,0.192,0x7a5ef7b9fed8ccb4b8b6ebf1f806465172166a61,2017-10-23T18:52:19.000Z,0.0012,0x0bbbedfbc145ec0618e9d3f6e29f37707648d70f,buy,0xfec0cf7fe078a500abf15f1284958f22049c2c7e,0xf39e564c3168fe1975319c800b93ea54d8acd46084a9b1721f176b6ebc35b28d
138,741.2552531068551,0.5930042024854841,0xd0e5d5fad5138f6d4f03362b3832e8f9bf19bd98,2017-10-23T13:53:08.000Z,0.0008,0xf1bb2d74c9a0ad3c6478a3b87b417132509f673f,sell,0xfec0cf7fe078a500abf15f1284958f22049c2c7e,0x66479270c473118a2e9f14b2654bdf7e75e67ee6ed24209dfc8b57b0f507c1ff
139,1235,1.00035,0xdb3d3af153cb02f0bc44621db82289280e93500f,2017-10-23T13:51:28.000Z,0.00081,0xf1bb2d74c9a0ad3c6478a3b87b417132509f673f,sell,0xfec0cf7fe078a500abf15f1284958f22049c2c7e,0x36277fd2f8c0a7f5973cf444b2a46c4f6ac57479ac260522c662c487a8b319b1
140,85.83391486392185,0.07333649685973483,0x0bbbedfbc145ec0618e9d3f6e29f37707648d70f,2017-10-23T13:48:31.000Z,0.0008544,0xf1bb2d74c9a0ad3c6478a3b87b417132509f673f,sell,0xfec0cf7fe078a500abf15f1284958f22049c2c7e,0x7938124c6e9e93f4a7af758c2650c43b3487f7e96f73736c658180427204db3f
141,200,0.1712,0x56661e238d6784951f00c036a3a1224dcadd6840,2017-10-23T13:48:26.000Z,0.000856,0xf1bb2d74c9a0ad3c6478a3b87b417132509f673f,sell,0xfec0cf7fe078a500abf15f1284958f22049c2c7e,0x0ea33329527a957255bc6ffd703cb4a7e0647cced97b17c1fb22d5fc87b9f88f
142,78.813,0.068094510813,0xd22ce2a3aa712d7cf5583b4ca88f181c8407610b,2017-10-23T13:48:05.000Z,0.000864001,0xf1bb2d74c9a0ad3c6478a3b87b417132509f673f,sell,0xfec0cf7fe078a500abf15f1284958f22049c2c7e,0x0441ad7be8342bab76409a6da41add3588de6d0fe9b4751ee4993dd56ee29d91
143,500,0.4320005,0xd22ce2a3aa712d7cf5583b4ca88f181c8407610b,2017-10-23T13:47:18.000Z,0.000864001,0xf1bb2d74c9a0ad3c6478a3b87b417132509f673f,sell,0xfec0cf7fe078a500abf15f1284958f22049c2c7e,0x4b8f471418f36f4aae35b1fb911d682d244c340d74e1804a345b3a409b12caa8
144,500,0.432,0x0bbbedfbc145ec0618e9d3f6e29f37707648d70f,2017-10-23T13:47:18.000Z,0.000864,0xf1bb2d74c9a0ad3c6478a3b87b417132509f673f,sell,0xfec0cf7fe078a500abf15f1284958f22049c2c7e,0x07b5987b0695fae77b889ac26c212d965ca59afb7879aab67e0c7a2b01fb271a
145,225,0.1944,0x6c441655c765b20ef239e315a8aa8f85b79808c5,2017-10-23T13:47:18.000Z,0.000864,0xf1bb2d74c9a0ad3c6478a3b87b417132509f673f,sell,0xfec0cf7fe078a500abf15f1284958f22049c2c7e,0x91483fb4798fbfcf96f5efe88f1fbda2a46258428693647372b7e88c316e079b
146,200,0.184002,0x48eaedfa6ab55f414a433f0778f55ed9b827e822,2017-10-23T13:43:26.000Z,0.00092001,0xf1bb2d74c9a0ad3c6478a3b87b417132509f673f,sell,0xfec0cf7fe078a500abf15f1284958f22049c2c7e,0xfb51880f7628e91a805f8f2ec7b3308ad23ae96397632095cae934854c3260e9
147,80,0.0992,0x4a4c5a463cc4d598f648e4afc2952ce3f3cfb490,2017-10-23T09:56:27.000Z,0.00124,0x0bbbedfbc145ec0618e9d3f6e29f37707648d70f,buy,0xfec0cf7fe078a500abf15f1284958f22049c2c7e,0x510109c87322264441409d10ba5a2f4165f96ee8c31979cc6098c8714485b4da
148,1,0.00124,0x3dca25d72528249a844e64a762cc3bfd12da514e,2017-10-23T09:12:44.000Z,0.00124,0x0bbbedfbc145ec0618e9d3f6e29f37707648d70f,buy,0xfec0cf7fe078a500abf15f1284958f22049c2c7e,0xb7b8d5f06f52dc15cd30ec75c90ef86d84cf764feb50f7ea38858b1a818ec7a1
149,73,0.09052,0x3dca25d72528249a844e64a762cc3bfd12da514e,2017-10-23T08:53:26.000Z,0.00124,0x0bbbedfbc145ec0618e9d3f6e29f37707648d70f,buy,0xfec0cf7fe078a500abf15f1284958f22049c2c7e,0xb4f983d8060dc7557f11de98c8c622c130e2d081ef6607f66bd73cd16e417249
150,1672.256,1.672256,0x9778550d76b07ac9f5e57392f68ecdf6efc1774e,2017-10-23T08:19:41.000Z,0.001,0xd8c2acd0eae46b5760857da92519826143f8337c,buy,0xfec0cf7fe078a500abf15f1284958f22049c2c7e,0xf6ada7c4d223882ea21672ce9f445dac7111de29f69dea65f528760fbd300d80
151,727.7439936197787,0.7277439936197787,0x3dca25d72528249a844e64a762cc3bfd12da514e,2017-10-23T08:16:25.000Z,0.001,0xd8c2acd0eae46b5760857da92519826143f8337c,buy,0xfec0cf7fe078a500abf15f1284958f22049c2c7e,0x6c6718ddf0416f0d7817aa0612e8a6b2cc5e656545307f20177a0bbe2b105c17
152,55,0.0605,0x3995f99e94ca34ce3b6216c576d39d5376221292,2017-10-23T01:56:18.000Z,0.0011,0x6a76d18cb13f1143da9ea4e179643c90085174d9,buy,0xfec0cf7fe078a500abf15f1284958f22049c2c7e,0x05e32a052e098d7fef73394ccea0d831ebe8bf81c7b903ecdd09120d5530aad1
153,706.1507465649433,0.6708432092366963,0x36f3fb878ee7c87c8e3d869ce72599e59b10aaac,2017-10-22T18:05:03.000Z,0.00095,0xa35ef40d93ca0c2c2bd2b5c375582eacc33c88af,sell,0xfec0cf7fe078a500abf15f1284958f22049c2c7e,0x14624ea7ab006df49f8b283b244ac24626c1eae1467375bbf2648d5f4d954a03
154,70.66298317955139,0.07772928149750652,0x9241691d9d7f9034ae8eb52749ebe7d828737155,2017-10-22T14:59:13.000Z,0.0011,0x6a76d18cb13f1143da9ea4e179643c90085174d9,buy,0xfec0cf7fe078a500abf15f1284958f22049c2c7e,0xd6c495ed70998050672ce7edd613da5a9759d67f20a8101b26ca5e8a81e5da58
155,708.3398138792948,0.7083398138792947,0xa35ef40d93ca0c2c2bd2b5c375582eacc33c88af,2017-10-22T14:41:32.000Z,0.001,0x3501a64db70ddc48b99cb5120090926082cdfd08,buy,0xfec0cf7fe078a500abf15f1284958f22049c2c7e,0x3c38f6f56a7f6a05e7257e66c157072a5c9000ae03644dbe4c4b60ea0ac5a13a
156,38,0.038,0x05944de2e509bedcdb13004f1d3ac21004133845,2017-10-22T14:05:02.000Z,0.001,0x3501a64db70ddc48b99cb5120090926082cdfd08,buy,0xfec0cf7fe078a500abf15f1284958f22049c2c7e,0x88a9eeead4d863d78647f621343d591f6cd932e6b93925fb9cfb3d3fe7e97de8
157,390,0.39,0x1aa7e20656f755f935223342abfab5a5c2d6fc72,2017-10-22T13:56:24.000Z,0.001,0x3501a64db70ddc48b99cb5120090926082cdfd08,buy,0xfec0cf7fe078a500abf15f1284958f22049c2c7e,0xff6b79b2d5affc4c831eb3165703c2b4e7d55c0d92d672d7f2a26bc5fc94f790
158,664.3934894070862,0.7308328383477949,0xf4c69bd9703bd9352b825ec7adda0111afa756c1,2017-10-22T13:37:00.000Z,0.0011,0x6a76d18cb13f1143da9ea4e179643c90085174d9,buy,0xfec0cf7fe078a500abf15f1284958f22049c2c7e,0x635d760175f89859ea1ab1ca2253e6145577fd3237cd60ceedd13ed188d62197
159,250,0.25,0x5acca8e15f3ab7a93e49e77487e1e4e623b94148,2017-10-22T13:28:20.000Z,0.001,0x3501a64db70ddc48b99cb5120090926082cdfd08,buy,0xfec0cf7fe078a500abf15f1284958f22049c2c7e,0xb1e0940fca7529df792146182d519d62c957a6dc49cf7a86b5254249f7a00a33
160,500,0.72,0xf4c69bd9703bd9352b825ec7adda0111afa756c1,2017-10-22T13:19:37.000Z,0.00144,0x0bbbedfbc145ec0618e9d3f6e29f37707648d70f,buy,0xfec0cf7fe078a500abf15f1284958f22049c2c7e,0x498bb5b115ad25af03c09caeccd6903027e77b5d8e033e403c69ca96cd934475
161,100,0.1,0x05944de2e509bedcdb13004f1d3ac21004133845,2017-10-22T12:56:09.000Z,0.001,0x3501a64db70ddc48b99cb5120090926082cdfd08,buy,0xfec0cf7fe078a500abf15f1284958f22049c2c7e,0x52f2bd270dee8899b937f44b76340b896ce7361ee7c5ad845dea9db790e06026
162,14,1.26,0xf4c69bd9703bd9352b825ec7adda0111afa756c1,2017-10-22T12:54:41.000Z,0.09,0x29b7448ca18e274ae5cdf174828c02d4e8f5845d,buy,0xfec0cf7fe078a500abf15f1284958f22049c2c7e,0x7e51dd085703e01551e6746ec1028b23aaaa5348da7ee2304023e97a4269209f
163,500,0.5,0x5acca8e15f3ab7a93e49e77487e1e4e623b94148,2017-10-22T12:40:46.000Z,0.001,0x3501a64db70ddc48b99cb5120090926082cdfd08,buy,0xfec0cf7fe078a500abf15f1284958f22049c2c7e,0x8d8a4926cbb0ba8deae4fb3ae3479588bc1e0d17f2bd029c05c783b11e0d2c95
164,0.3,0.009,0xf4c69bd9703bd9352b825ec7adda0111afa756c1,2017-10-22T12:40:21.000Z,0.03,0x29b7448ca18e274ae5cdf174828c02d4e8f5845d,buy,0xfec0cf7fe078a500abf15f1284958f22049c2c7e,0x21bb7f22af1c05310f0eeb686d7a8ff403c986a35b1eaa5a278abd7bd758af5c
165,996.911161133315,0.9969111611333149,0x3995f99e94ca34ce3b6216c576d39d5376221292,2017-10-22T11:25:16.000Z,0.001,0x3501a64db70ddc48b99cb5120090926082cdfd08,buy,0xfec0cf7fe078a500abf15f1284958f22049c2c7e,0x9f93ff4b9fa21d5a87094cb625d94812a35fb708c83f34c18907950f29b2eaf7
166,15.857328282324794,0.015857328282324792,0x3995f99e94ca34ce3b6216c576d39d5376221292,2017-10-22T11:08:57.000Z,0.001,0x3501a64db70ddc48b99cb5120090926082cdfd08,buy,0xfec0cf7fe078a500abf15f1284958f22049c2c7e,0xa8f155e597c3263dc754b889f7c7be0e239b384016173435d17cdde93e63a9f8
167,914.1660851360782,0.7810635031402652,0x0bbbedfbc145ec0618e9d3f6e29f37707648d70f,2017-10-22T06:53:38.000Z,0.0008544,0xf7cc5cccbd9eef2f4b2880547481f1618e6e019f,sell,0xfec0cf7fe078a500abf15f1284958f22049c2c7e,0x819ab2770c878f55a24e16fe179c24dcb57e0919f6abcea04ff16f83e4df0fa9
168,1800,1.8,0x9778550d76b07ac9f5e57392f68ecdf6efc1774e,2017-10-22T05:48:18.000Z,0.001,0x3501a64db70ddc48b99cb5120090926082cdfd08,buy,0xfec0cf7fe078a500abf15f1284958f22049c2c7e,0xafdfcdfa0d0f3802212f92ddf00fe29d2550e9e556bb72ff64d81bf9aaa2fd83
169,0.891696705065533,0.000891696705065533,0xe1406a2740bdb45da5e1a21edab3a559e33e1ed7,2017-10-22T02:14:25.000Z,0.001,0x3501a64db70ddc48b99cb5120090926082cdfd08,buy,0xfec0cf7fe078a500abf15f1284958f22049c2c7e,0xd4778755b01c105526a9034093071e09f4641364c291fa692afba2765c0a9968
170,85.934,0.0945274,0x1006ecd6ec35d85a9d43cc12898369bfcee7f7ca,2017-10-21T15:35:27.000Z,0.0011,0x6a76d18cb13f1143da9ea4e179643c90085174d9,buy,0xfec0cf7fe078a500abf15f1284958f22049c2c7e,0x6c9bb12b37eb117aa9ef364673cd9717ce76ce7903f8c4c238db9d3aa1a38935
171,1914.066394178048,1.914066394178048,0x1006ecd6ec35d85a9d43cc12898369bfcee7f7ca,2017-10-21T15:09:47.000Z,0.001,0x9310929406050fcca085623b26611fedb1222cac,sell,0xfec0cf7fe078a500abf15f1284958f22049c2c7e,0xc755ce457fa9f82c771b50e0ae1e109c2136dc5dbd01cfbfb4369fbe23e23101
172,710.7454350082186,0.7115983295302285,0xd0e5d5fad5138f6d4f03362b3832e8f9bf19bd98,2017-10-21T08:24:32.000Z,0.0010012,0xdd6d175523f04141484d8b4619a943afc880da28,sell,0xfec0cf7fe078a500abf15f1284958f22049c2c7e,0x50ccc1f53ba0f0cfe0eaf8092a1375aceb8a8cc4f305c4b39c8e9952154b4410
173,180,0.2052018,0x2e26035b04213530deeea6a3874d0f4143bce939,2017-10-21T08:22:49.000Z,0.00114001,0xdd6d175523f04141484d8b4619a943afc880da28,sell,0xfec0cf7fe078a500abf15f1284958f22049c2c7e,0x46e8dd3dcd6aa3f9cfc8eca98752f1835c5f972190527132df0617d79001604d
174,1000,1.14,0x0bbbedfbc145ec0618e9d3f6e29f37707648d70f,2017-10-21T08:21:07.000Z,0.00114,0xdd6d175523f04141484d8b4619a943afc880da28,sell,0xfec0cf7fe078a500abf15f1284958f22049c2c7e,0x0efc7b33ffd796b08a13c0a80c56d2f965aedfe75d9a560e5234cab379088179
175,387.6485674409331,0.46905476660352907,0x17c342d93ae3f44cdb81336b986f12046f912511,2017-10-21T08:20:15.000Z,0.00121,0xdd6d175523f04141484d8b4619a943afc880da28,sell,0xfec0cf7fe078a500abf15f1284958f22049c2c7e,0x304365d3a93418ce4bb09050687b4a83ccda562ee6ca77a644c15af01969e81f
176,273.78,0.3340116,0x1006ecd6ec35d85a9d43cc12898369bfcee7f7ca,2017-10-21T08:19:10.000Z,0.00122,0xdd6d175523f04141484d8b4619a943afc880da28,sell,0xfec0cf7fe078a500abf15f1284958f22049c2c7e,0x96996be4adabcba75a69b918df24d67d38b4aae89658c15212836a4865ed079c
177,473.7314325590669,0.573215033396471,0x17c342d93ae3f44cdb81336b986f12046f912511,2017-10-20T21:55:43.000Z,0.00121,0x9d9450d246f44445db2a701ec5413be8cd6f82b8,sell,0xfec0cf7fe078a500abf15f1284958f22049c2c7e,0xa0dbc2bde7bbbe3402b7d51dbc9e8c19943997e14dcfa1295e9b116fbaf61172
178,1000,1.22,0x17c342d93ae3f44cdb81336b986f12046f912511,2017-10-20T20:37:56.000Z,0.00122,0xf7cc5cccbd9eef2f4b2880547481f1618e6e019f,sell,0xfec0cf7fe078a500abf15f1284958f22049c2c7e,0xf591336e7bc0ddda37023217138d0cd1dd9cb5f5e8f71f9e0fce5d74f2b1dcd1
179,1338.62,1.738465794,0x17c342d93ae3f44cdb81336b986f12046f912511,2017-10-20T20:28:30.000Z,0.0012987,0x59b66bee5e663745b4d3a00103606ae4b3bba365,buy,0xfec0cf7fe078a500abf15f1284958f22049c2c7e,0xc6a8c7b8b2ce964a29d0984f1d01220cfcb4a4458e3ccae612b7bc535e455091
180,574.2199182534144,0.6890639019040973,0x1006ecd6ec35d85a9d43cc12898369bfcee7f7ca,2017-10-20T17:59:24.000Z,0.0012,0xf5bedf0fdb48e812d91b352e5ffa9c402ce6bbf4,sell,0xfec0cf7fe078a500abf15f1284958f22049c2c7e,0x5395c39a9d08a012c7a5854d3f4d31ffb08de9e8203351081156fd5829880185
181,166.47001758640923,0.21619461183946967,0x8fa318faaec90b91c98c587879e2bd3c0209c8aa,2017-10-20T11:49:30.000Z,0.0012987,0x59b66bee5e663745b4d3a00103606ae4b3bba365,buy,0xfec0cf7fe078a500abf15f1284958f22049c2c7e,0x5b945580032df43186d5434ae6ae90040d2cd14aad7a3de74ba1c0fc8060d28d
182,511.1999943921028,0.6638954327170239,0x3b7e651384e2eb31ed894a5843cb23215420b5b0,2017-10-20T10:40:54.000Z,0.0012987,0x59b66bee5e663745b4d3a00103606ae4b3bba365,buy,0xfec0cf7fe078a500abf15f1284958f22049c2c7e,0xd66413e15b04fec4f2b3ec31f4c7bd33348b4cde5a0f306075fda0bc1ae30d7e
183,9.709693696365015,0.012609979203469245,0x3ae818a002eb135fd83bea974e9a8e9b43b05b04,2017-10-20T08:11:18.000Z,0.0012987,0x59b66bee5e663745b4d3a00103606ae4b3bba365,buy,0xfec0cf7fe078a500abf15f1284958f22049c2c7e,0xf457782c4e897667db38dc97dda7fc9e9cf25ad294ef97e806413b0cc0c8468b
184,83.4,0.108049287,0x3ae818a002eb135fd83bea974e9a8e9b43b05b04,2017-10-20T08:08:41.000Z,0.001295555,0x252f05a1698b68ef4a3e9741241ade893d110b4c,buy,0xfec0cf7fe078a500abf15f1284958f22049c2c7e,0xbb485ac56319a83277eeafcc7ca4a116fa654fcebabc275d427c48820e9ed596
185,92.6,0.119968393,0x5b42d5649195e98f7bbaf1080d34f9afd754f5da,2017-10-20T05:59:37.000Z,0.001295555,0x252f05a1698b68ef4a3e9741241ade893d110b4c,buy,0xfec0cf7fe078a500abf15f1284958f22049c2c7e,0x899cf4c6820446e530c744f9c7d14b1e662e921fd733ad043fdd27621ce46eca
186,8017.7,8.81947,0x1e0f34cac0fbaaca625e2a76da4d475aa872d43f,2017-10-19T22:17:27.000Z,0.0011,0xdd6d175523f04141484d8b4619a943afc880da28,sell,0xfec0cf7fe078a500abf15f1284958f22049c2c7e,0x9e2d0f5c77fab694c0078158f9453093fdf74b7ad83b28b87bff86d863871ed8
187,1492.767,1.71668205,0xcc24d8fd93eadc300d08b0dfe6536897a81d06ea,2017-10-19T22:15:03.000Z,0.00115,0xdd6d175523f04141484d8b4619a943afc880da28,sell,0xfec0cf7fe078a500abf15f1284958f22049c2c7e,0xdd04781caf63386d9894cd9d7fabf4b227a425a96b8e21fcc9b4f785e3100d3a
188,50,0.065,0x3414e72f89c319e022cb35e71cee97e3c6826a9b,2017-10-19T19:56:39.000Z,0.0013,0x8a9bcdc68d19e111663d6c986caf1da1eda1c304,sell,0xfec0cf7fe078a500abf15f1284958f22049c2c7e,0x9eff5fa2b0f6698b91ebf291717ffebe64e02f20b9cfe054c21e14dc0a67940b
189,2300,2.99,0xb85cdf11e41e3ae58f5060aa1b2636638d5325ac,2017-10-19T18:23:43.000Z,0.0013,0xdd6d175523f04141484d8b4619a943afc880da28,buy,0xfec0cf7fe078a500abf15f1284958f22049c2c7e,0x92ff00e913217cbec416d9bd4de22525c38d9082f91b97a674aeed56de957dbf
190,1.3906162563881694,0.001599208694846394,0xcc24d8fd93eadc300d08b0dfe6536897a81d06ea,2017-10-19T17:17:58.000Z,0.0011499999999999993,0x63f04f9d637532286e7615bc1e79694015048b76,sell,0xfec0cf7fe078a500abf15f1284958f22049c2c7e,0xd9d6025a509445ccc2118866758cc42ee04a2ec0a606f31a7bb512f930299307
191,122.2528691057721,0.13472266175456085,0xdcdbb380953c9cfa4f51a8d9f80d88b9a362e707,2017-10-19T17:16:23.000Z,0.001102,0x63f04f9d637532286e7615bc1e79694015048b76,sell,0xfec0cf7fe078a500abf15f1284958f22049c2c7e,0xd599fd94268e04e919cc8ffb8ca09b1392286189edced9dbb3250f1e134a42f8
192,80.855,0.109154169145,0xa2f0f6ad5be2fb9e6505639c7f60f5bb44098101,2017-10-19T17:07:04.000Z,0.001349999,0x64e0661088ae5c9c90a510e54bd9edcafb92e72f,buy,0xfec0cf7fe078a500abf15f1284958f22049c2c7e,0x5b908f68104c68eec6682f626f4399d7108b4201a9318398b06d1b9212c34c15
193,1523,1.6753,0x1e0f34cac0fbaaca625e2a76da4d475aa872d43f,2017-10-19T16:55:43.000Z,0.0011,0x509f2ccdb668bed09f3a2c74d639c2e853be0604,buy,0xfec0cf7fe078a500abf15f1284958f22049c2c7e,0xae8d71c92b29f51e18a699a46d14412c2bd84f7074134664d46b0121201b7318
194,156.529,0.18157364,0x56661e238d6784951f00c036a3a1224dcadd6840,2017-10-19T16:54:14.000Z,0.00116,0x7aa6e2506316f6d613277d4f2f4e4e1dc55e528e,sell,0xfec0cf7fe078a500abf15f1284958f22049c2c7e,0x2678ee6ce3da60c2d7020c3bc26f1b2f16e2f1332ffb2b5f5e8cb94087002a03
195,157,0.1727,0x7aa6e2506316f6d613277d4f2f4e4e1dc55e528e,2017-10-19T16:54:14.000Z,0.0011,0x509f2ccdb668bed09f3a2c74d639c2e853be0604,buy,0xfec0cf7fe078a500abf15f1284958f22049c2c7e,0x2678ee6ce3da60c2d7020c3bc26f1b2f16e2f1332ffb2b5f5e8cb94087002a03
196,0.1,0.00013,0x6cdea8e07bf82d7a07dbf36642d6e5be8623845c,2017-10-19T15:06:20.000Z,0.0013,0xdd6d175523f04141484d8b4619a943afc880da28,buy,0xfec0cf7fe078a500abf15f1284958f22049c2c7e,0xc93ecee44ffe0461eb889b06dc383580b5ef300cd32a01c48119c68cacac4000
197,27.747130894227894,0.030577338245439137,0xdcdbb380953c9cfa4f51a8d9f80d88b9a362e707,2017-10-19T11:24:25.000Z,0.001102,0xe2b274663595f7612bd043e24819148fe2ef2bef,sell,0xfec0cf7fe078a500abf15f1284958f22049c2c7e,0x0e412aa5f46b4db6639c300153ed6cfbfb37e9e2a6f25156a693ac938a78f8cc
198,71.951,0.0935363,0xda0f4e03b1f9eb0209abcd1cce97cf2b04b3092d,2017-10-19T11:23:32.000Z,0.0013,0xe2b274663595f7612bd043e24819148fe2ef2bef,sell,0xfec0cf7fe078a500abf15f1284958f22049c2c7e,0x1c709fb85e398900f3ff9257e0b4d13ca6df3b209ab0022b1b6794a8e7c31baa
199,100,0.14,0xe2b274663595f7612bd043e24819148fe2ef2bef,2017-10-19T10:41:27.000Z,0.0014,0x51bd44d8ed6ae3dc054708f687536eec41742ec9,buy,0xfec0cf7fe078a500abf15f1284958f22049c2c7e,0xf062cd560921db0969c392961a1091442272f7b0596b38e5a5186743e414f443
200,10,0.014,0x8e00cf7f0b3f4c0ef4382e9a9ab111d0f756c409,2017-10-19T07:38:16.000Z,0.0014,0x51bd44d8ed6ae3dc054708f687536eec41742ec9,sell,0xfec0cf7fe078a500abf15f1284958f22049c2c7e,0xde1963fd475dad9b377ab6f1658df143a870067f458f702f9711b6543cee1999
201,105,0.1495095,0x2fb5ff5b0e76a8514e47b203efce6b9e6e728569,2017-10-19T06:16:38.000Z,0.0014239,0x64e0661088ae5c9c90a510e54bd9edcafb92e72f,buy,0xfec0cf7fe078a500abf15f1284958f22049c2c7e,0x0ede0d7e0d62154289af91cc0deb7b771b6e46f72c7966bf7cb815194fd48e29
202,10,0.014,0xea2996b9e0375f0251563bf581ac75a93380494b,2017-10-19T03:24:31.000Z,0.0014,0x64e0661088ae5c9c90a510e54bd9edcafb92e72f,sell,0xfec0cf7fe078a500abf15f1284958f22049c2c7e,0x6dfdc187c19bbf57b5451a3a292b9a4846854a589ab3c402c78d411669e0168c
203,124,0.1767,0x63f04f9d637532286e7615bc1e79694015048b76,2017-10-18T22:49:11.000Z,0.001425,0x252f05a1698b68ef4a3e9741241ade893d110b4c,buy,0xfec0cf7fe078a500abf15f1284958f22049c2c7e,0x66afc6a9eee7214f1d7d3b5575950da8f8c1d487a1caef2457408fe9d97255bf
204,0.000067484593971929,0.00000009616554641,0x38d5b39401d0ab176a283652f08f5068a7610f6e,2017-10-18T22:14:50.000Z,0.0014250000000000174,0x252f05a1698b68ef4a3e9741241ade893d110b4c,buy,0xfec0cf7fe078a500abf15f1284958f22049c2c7e,0xdd7803ad0e1522ffea95f147e44cc00eaedeb1720f41dfa78a13b220ff0c69f1
205,0.6769379621250905,0.000964636596028254,0x38d5b39401d0ab176a283652f08f5068a7610f6e,2017-10-18T22:11:58.000Z,0.001425,0x252f05a1698b68ef4a3e9741241ade893d110b4c,buy,0xfec0cf7fe078a500abf15f1284958f22049c2c7e,0xcaac5e433b38e4e196e4e4a0a26760c1a2ef606ff851b3b9aa6d1a1079bda867
206,20.177,0.028752225,0xd22ce2a3aa712d7cf5583b4ca88f181c8407610b,2017-10-18T19:51:04.000Z,0.001425,0x252f05a1698b68ef4a3e9741241ade893d110b4c,buy,0xfec0cf7fe078a500abf15f1284958f22049c2c7e,0xc4931e3ddbd5d7e731ddef3f1c2c35ad69927791d5c138fe8dc5ec2e19445db7
207,145.54879872395574,0.18921343834114246,0xda0f4e03b1f9eb0209abcd1cce97cf2b04b3092d,2017-10-18T19:44:36.000Z,0.0013,0x63f04f9d637532286e7615bc1e79694015048b76,sell,0xfec0cf7fe078a500abf15f1284958f22049c2c7e,0xf36f63ff4ad5722377a1ac61784f8aba2f9816cb455838f73d26342343cbe1b9
208,180.88548307265023,0.25776181337852655,0x64e0661088ae5c9c90a510e54bd9edcafb92e72f,2017-10-18T19:30:31.000Z,0.001425,0x252f05a1698b68ef4a3e9741241ade893d110b4c,buy,0xfec0cf7fe078a500abf15f1284958f22049c2c7e,0x10ad7bcb9cb9cbc993c0c6cdda5af315f8c4efdda36db05c468b1a7dc51c0eac
209,15,0.021375,0x64e0661088ae5c9c90a510e54bd9edcafb92e72f,2017-10-18T19:28:15.000Z,0.001425,0x252f05a1698b68ef4a3e9741241ade893d110b4c,buy,0xfec0cf7fe078a500abf15f1284958f22049c2c7e,0x54a407c04b4dfd9e05bcab482d169e8f1064712ee440a0b560788a47b7a23ccd
210,1,0.00149,0x0249924245a19aa2d7f5ddb0739a7132b7d094ab,2017-10-18T19:23:19.000Z,0.00149,0xf843c6ffd80855c09d640b0b54305258748f88c9,buy,0xfec0cf7fe078a500abf15f1284958f22049c2c7e,0xba88255abc2d2b4aa2d8f0739f5ff9de2aa41d3ef22ce186729ccb9f7904e61c
211,1870,2.66475,0xfb01bbbc65a4d46b8ffe9c15af495b4bacb4588e,2017-10-18T18:29:11.000Z,0.001425,0x12f8967fa9cb2b44468a453230a99ef64cbaa494,sell,0xfec0cf7fe078a500abf15f1284958f22049c2c7e,0x2aa323fe1e5a93f718de679ebb614ca8be174018a60a7340d6805208ee844319
212,1,0.0014999,0x3ac636ac5c3a2576156ac5f10066ca68abe0ad54,2017-10-18T17:42:56.000Z,0.0014999,0x008ffdea584d1c91e2e3547bd2dcc523bdcb0f96,buy,0xfec0cf7fe078a500abf15f1284958f22049c2c7e,0x352ed19740d2c69d4557853438866cbbfdcec8cf82a0363e4cb4152ee86b9422
213,1491.3767321303958,1.715083241949955,0xcc24d8fd93eadc300d08b0dfe6536897a81d06ea,2017-10-18T15:18:40.000Z,0.00115,0x9778550d76b07ac9f5e57392f68ecdf6efc1774e,sell,0xfec0cf7fe078a500abf15f1284958f22049c2c7e,0x7a57c481fa9868a5ffa6b038163bbf7cd2d06a2c3151de7863ef08317908dd96
214,0.3508771929824561,0.0005,0x379374d13077e8867ef31803c37baf9785a17c00,2017-10-18T15:01:32.000Z,0.001425,0x252f05a1698b68ef4a3e9741241ade893d110b4c,buy,0xfec0cf7fe078a500abf15f1284958f22049c2c7e,0xa62799b517e39a5456b2521d857a70ef5f96cb579793d72c28931adfe999ce80
215,0.3508771929824561,0.0005,0xf9695cd65d6dfdf257fab76a3eb0cb8f001971cc,2017-10-18T14:59:26.000Z,0.001425,0x252f05a1698b68ef4a3e9741241ade893d110b4c,buy,0xfec0cf7fe078a500abf15f1284958f22049c2c7e,0x45d28bf43ada35e8a4548e2b5f71763ef190fc021324b33e081a04de81a8e487
216,47.8516598544512,0.05316850563253913,0x1804111464a198d8b0450bdbf7cb9fd65a903baf,2017-10-18T12:18:37.000Z,0.001111111,0x1099b992dffe76b4bdface01f3516aaca6309544,sell,0xfec0cf7fe078a500abf15f1284958f22049c2c7e,0x0f7f2ac825d927294252eee68ea900ac22783593329a665402358ab6108a302d
217,7030.306,8.4363672,0xc630a9aba61a5318f71c94f231a856e4a9b08942,2017-10-18T07:11:25.000Z,0.0012,0x1568a166cd00f19005079a9a3167ad9db2328c00,buy,0xfec0cf7fe078a500abf15f1284958f22049c2c7e,0x3b88064dd1a7567ba5b153efcdd696ed75596fa886c595fe6d0ba61cdff6dec1
218,59.82252544775437,0.06592442304342531,0xd22ce2a3aa712d7cf5583b4ca88f181c8407610b,2017-10-18T06:04:46.000Z,0.001102,0x2fb5ff5b0e76a8514e47b203efce6b9e6e728569,sell,0xfec0cf7fe078a500abf15f1284958f22049c2c7e,0x114498402ef282a7e3071657a31c86737111cec12c8a0d3062a956b8b87c116a
219,1,0.00135,0x636d925f140f761f7a0e600db2177dd068ddada1,2017-10-18T05:38:31.000Z,0.00135,0x1568a166cd00f19005079a9a3167ad9db2328c00,buy,0xfec0cf7fe078a500abf15f1284958f22049c2c7e,0x5b1a9b9ffde3c730a739c3f4b03125ff548888d2b6bc1392fb6f87e01c987468
220,10,0.01425,0x96373170538a83c7674ef92f41d195203a8abe09,2017-10-17T21:22:43.000Z,0.001425,0x252f05a1698b68ef4a3e9741241ade893d110b4c,buy,0xfec0cf7fe078a500abf15f1284958f22049c2c7e,0xe9cb5bbce164f9654187a1f37a01ce771c1c9c169fabb06a61c6f379413ef57e
221,846.4478890771481,0.9632576977697946,0x1e0f34cac0fbaaca625e2a76da4d475aa872d43f,2017-10-17T21:12:45.000Z,0.001138,0x8a9bcdc68d19e111663d6c986caf1da1eda1c304,sell,0xfec0cf7fe078a500abf15f1284958f22049c2c7e,0xb01c06973b56ecb224628cc2ccc54b51a323a2534cfcd8d534b27da5c2dec235
222,2500,2.85,0xcc24d8fd93eadc300d08b0dfe6536897a81d06ea,2017-10-17T20:40:57.000Z,0.00114,0x1568a166cd00f19005079a9a3167ad9db2328c00,sell,0xfec0cf7fe078a500abf15f1284958f22049c2c7e,0xf1c3a64fba26331ff80d21d779031ab4337370035d9289dd61a0b8392b9c7b50
223,2173.5521109228516,2.473502302230205,0x1e0f34cac0fbaaca625e2a76da4d475aa872d43f,2017-10-17T18:57:17.000Z,0.001138,0x32fc520a9596b7bcf866652077149579118c451b,sell,0xfec0cf7fe078a500abf15f1284958f22049c2c7e,0x3fbf71fc5ee1f14a66b4d5e72af6cfb86471bfff7ec487be1ebb5d12f2dbe032
224,1000,1.140001,0x8a9bcdc68d19e111663d6c986caf1da1eda1c304,2017-10-17T18:55:29.000Z,0.001140001,0x32fc520a9596b7bcf866652077149579118c451b,sell,0xfec0cf7fe078a500abf15f1284958f22049c2c7e,0x055ed578fb197cc3c3cafce0e682e42ecb2c6e6d5861f6723108fdb4500ae477
225,5721.483,6.52249062,0xd0e5d5fad5138f6d4f03362b3832e8f9bf19bd98,2017-10-17T18:55:29.000Z,0.00114,0x32fc520a9596b7bcf866652077149579118c451b,sell,0xfec0cf7fe078a500abf15f1284958f22049c2c7e,0x74a1e214ade0eb33f10bbaa11874d8e6db4c451cf86048bc4d86a9b7958be415
226,220.247,0.25108378247,0x2e26035b04213530deeea6a3874d0f4143bce939,2017-10-17T18:55:29.000Z,0.00114001,0x32fc520a9596b7bcf866652077149579118c451b,sell,0xfec0cf7fe078a500abf15f1284958f22049c2c7e,0x73d953e27892aa05dcf6562b93818bc57d2e240b15b4c01c7f713773e9ef6482
227,534,0.608765874,0xce8a478eca8691f4e91fa87cce93a8327c2642ba,2017-10-17T18:54:58.000Z,0.001140011,0x32fc520a9596b7bcf866652077149579118c451b,sell,0xfec0cf7fe078a500abf15f1284958f22049c2c7e,0xd0087e97b172f50f51575e03ef522e726b090c1c94ae209870929f5137f398d6
228,320.247,0.36508798494,0x2e26035b04213530deeea6a3874d0f4143bce939,2017-10-17T18:54:52.000Z,0.00114002,0x32fc520a9596b7bcf866652077149579118c451b,sell,0xfec0cf7fe078a500abf15f1284958f22049c2c7e,0xa4244f88dd1f1cf2e0f0d4903fee812b1a13c2b81e4eb6270f48c2f3fa0ad3fa
229,0.3508771929824561,0.0005,0x16e5d97bbc92417e051e3b2cabfbf8ceea2acb9c,2017-10-17T17:08:45.000Z,0.001425,0x252f05a1698b68ef4a3e9741241ade893d110b4c,buy,0xfec0cf7fe078a500abf15f1284958f22049c2c7e,0x749439649cb34d98e069c343aa750846ad70e56568992d3bf90b960ebce759d6
230,0.3449465332873405,0.0005,0x42c24a83bded723edfdf5883bc7efb30bc1a1bf3,2017-10-17T14:49:36.000Z,0.0014495,0x32fc520a9596b7bcf866652077149579118c451b,buy,0xfec0cf7fe078a500abf15f1284958f22049c2c7e,0xa81ff0764c9fa61c9e0826d72f4ba2044997f6937e972a387908e3b1b672abfd
231,478.516598544512,0.5455089223407437,0xd0e5d5fad5138f6d4f03362b3832e8f9bf19bd98,2017-10-17T11:52:23.000Z,0.00114,0xebee5e86a9c3c9822ab8df196254444e46d1937c,sell,0xfec0cf7fe078a500abf15f1284958f22049c2c7e,0xe9408161d6c3381ec86a5d47703b4159d6c29764065ca91dd10c68aae537f733
232,720,1.044,0xd22ce2a3aa712d7cf5583b4ca88f181c8407610b,2017-10-17T11:16:30.000Z,0.00145,0x1568a166cd00f19005079a9a3167ad9db2328c00,buy,0xfec0cf7fe078a500abf15f1284958f22049c2c7e,0x5eb583a96a94b05b9cf52a6b04f548ab4992540c9992beb5ff50f8f9e92a6b51
233,79.75276642408534,0.09020835410228292,0x2e26035b04213530deeea6a3874d0f4143bce939,2017-10-17T07:55:42.000Z,0.0011311,0x2fb5ff5b0e76a8514e47b203efce6b9e6e728569,sell,0xfec0cf7fe078a500abf15f1284958f22049c2c7e,0x810d93d5c11afd1a08b8c0275b76c9feabf78f2f958e2e1d95c872f16cbec410
234,483.244,0.5798928,0xcc24d8fd93eadc300d08b0dfe6536897a81d06ea,2017-10-17T06:39:12.000Z,0.0012,0x1568a166cd00f19005079a9a3167ad9db2328c00,sell,0xfec0cf7fe078a500abf15f1284958f22049c2c7e,0x78b0b5835f57020145580b9510db62630a20e4e64f503cd99a720d5250b1482a
235,6986.1535240753665,8.390370382414515,0x1e0f34cac0fbaaca625e2a76da4d475aa872d43f,2017-10-17T06:37:06.000Z,0.001201,0x1568a166cd00f19005079a9a3167ad9db2328c00,sell,0xfec0cf7fe078a500abf15f1284958f22049c2c7e,0x2ed3d858b0f5d6a7b4bce80c0edf3c347dade2df3575b949e6f187e1f058d106
236,150,0.224985,0x7a5ef7b9fed8ccb4b8b6ebf1f806465172166a61,2017-10-17T06:35:29.000Z,0.0014999,0x1568a166cd00f19005079a9a3167ad9db2328c00,sell,0xfec0cf7fe078a500abf15f1284958f22049c2c7e,0x3095d45cc6b266b5c51f0e824028f4d363941e1976f0080f94cc73c23edce8f1
237,0.3333555570371358,0.0005,0xcd912af5286dc0b0a23edb30209734ecb60838b3,2017-10-17T04:50:05.000Z,0.0014999,0x008ffdea584d1c91e2e3547bd2dcc523bdcb0f96,buy,0xfec0cf7fe078a500abf15f1284958f22049c2c7e,0x701889d7ad7f95e71ae7399c6c78661ba7a696dd236708a326e3ae970b605b63
238,1339.8464759246335,1.609155617585485,0x1e0f34cac0fbaaca625e2a76da4d475aa872d43f,2017-10-17T04:08:59.000Z,0.001201,0x9c78b263182816c5789838f6560ab32b7c372c12,sell,0xfec0cf7fe078a500abf15f1284958f22049c2c7e,0x11c9113e4d0999c3afb089a7bc26e135b2393d9308abe0f7f5e5b391361f84f3
239,1523.9382119251975,2.39258299272256,0x50543fcc64211cb353be136d866ed45166c8748d,2017-10-17T02:03:38.000Z,0.00157,0x1568a166cd00f19005079a9a3167ad9db2328c00,buy,0xfec0cf7fe078a500abf15f1284958f22049c2c7e,0xc565caa68339cd7d96be2ed3e424d7405e6b4f69fda2ba4e81ed4762a4494a7e
240,528,0.6864,0xcc24d8fd93eadc300d08b0dfe6536897a81d06ea,2017-10-16T22:17:25.000Z,0.0013,0x312402866317ba9a8734294bc2e94f0d4751a5cd,buy,0xfec0cf7fe078a500abf15f1284958f22049c2c7e,0xccf545f2fbc16e6b040c69b0bd1aa890951639309720714ff45247cb3496a60b
241,69,0.08625,0x7a5ef7b9fed8ccb4b8b6ebf1f806465172166a61,2017-10-16T20:51:01.000Z,0.00125,0x1568a166cd00f19005079a9a3167ad9db2328c00,buy,0xfec0cf7fe078a500abf15f1284958f22049c2c7e,0x64503412b29564ce815dc23b9f4a4501716d334196238d5ff65bd82663df3671
242,73.20258199559362,0.09150322749449202,0xd0e5d5fad5138f6d4f03362b3832e8f9bf19bd98,2017-10-16T20:01:21.000Z,0.00125,0x1568a166cd00f19005079a9a3167ad9db2328c00,buy,0xfec0cf7fe078a500abf15f1284958f22049c2c7e,0xfa0d8602dfa911728a174931cb20f62f4b5a358a4338ce217a7aedd7c84eeead
243,6240,7.8,0xd0e5d5fad5138f6d4f03362b3832e8f9bf19bd98,2017-10-16T19:56:52.000Z,0.00125,0x1568a166cd00f19005079a9a3167ad9db2328c00,buy,0xfec0cf7fe078a500abf15f1284958f22049c2c7e,0xdf3474e50f908724ccd498f347d58b2efa8d464cab8261e1bba38865b7348015
244,0.7975276644602104,0.000996909580575263,0x98b1eed5a0d648681deffda60284b58752eea268,2017-10-16T19:22:23.000Z,0.00125,0x1568a166cd00f19005079a9a3167ad9db2328c00,buy,0xfec0cf7fe078a500abf15f1284958f22049c2c7e,0x767cb170fe1855575852f4b34f300c05c04a869be9b908d7bf443ed87f6d34c3
245,368,0.46,0x04f0153f10db955cffa0661bc4761f24b83e9a59,2017-10-16T19:04:22.000Z,0.00125,0x1568a166cd00f19005079a9a3167ad9db2328c00,buy,0xfec0cf7fe078a500abf15f1284958f22049c2c7e,0x59eb81b1ccbc5c5f0c47d6fc9e070ef4c1729e140f66fa77037816bc23f4016a
246,368,0.46,0x04f0153f10db955cffa0661bc4761f24b83e9a59,2017-10-16T19:03:51.000Z,0.00125,0x1568a166cd00f19005079a9a3167ad9db2328c00,buy,0xfec0cf7fe078a500abf15f1284958f22049c2c7e,0x59eb81b1ccbc5c5f0c47d6fc9e070ef4c1729e140f66fa77037816bc23f4016a
247,3300,3.96,0x1e0f34cac0fbaaca625e2a76da4d475aa872d43f,2017-10-16T17:54:08.000Z,0.0012,0x1568a166cd00f19005079a9a3167ad9db2328c00,sell,0xfec0cf7fe078a500abf15f1284958f22049c2c7e,0xd145da681984ae9aaa35f9495f7a0bd67a5d889a8caebc7eb4cdc4ff4221eb34
248,0.7975276642408533,0.000798325191905094,0x8a9bcdc68d19e111663d6c986caf1da1eda1c304,2017-10-16T12:08:12.000Z,0.0010009999999999997,0x1899a21760650d300930da2bf4df4f17089d3a1d,sell,0xfec0cf7fe078a500abf15f1284958f22049c2c7e,0xd87e29a527ea4e94880c762dc384ff0e8a56b083841bc3f96b6c7ef45e924d2c
249,59.85933047552587,0.059919189806001395,0x8a9bcdc68d19e111663d6c986caf1da1eda1c304,2017-10-16T11:08:20.000Z,0.001001,0xb5b23ff755c1c62b637114e932ff914a159eeafb,sell,0xfec0cf7fe078a500abf15f1284958f22049c2c7e,0xb46bc7583d5a8d6ac9d5738e499c2c557ef93e9d86836ac3b913216c15f4aee8
250,496.9633735420197,0.49746033691556174,0x8a9bcdc68d19e111663d6c986caf1da1eda1c304,2017-10-16T04:36:10.000Z,0.001001,0xa1ca4df2b64d39ca2b17fa3b1605dcd632792bd7,sell,0xfec0cf7fe078a500abf15f1284958f22049c2c7e,0xb4733a1a836c7cd9421ed859e303df0b3db1b62a2fb89e131844b55199e11d0d
251,239.258299272256,0.23949755757152827,0x8a9bcdc68d19e111663d6c986caf1da1eda1c304,2017-10-16T03:24:20.000Z,0.001001,0x9e578ce341807d9037fb2c46fbf6ab8b35c9670f,sell,0xfec0cf7fe078a500abf15f1284958f22049c2c7e,0x2e6225d0ef2f779f6e26613e6d9648dbb52d727a4a088885ce27e32383e77508
252,498.68,0.49917868,0x8a9bcdc68d19e111663d6c986caf1da1eda1c304,2017-10-16T03:07:14.000Z,0.001001,0xa1ca4df2b64d39ca2b17fa3b1605dcd632792bd7,sell,0xfec0cf7fe078a500abf15f1284958f22049c2c7e,0x2d8abeed3acf3b314eec59c1e4392f557f75d81d942157272e623d868d3c0213
253,366.86272555079256,0.36722958827634333,0x8a9bcdc68d19e111663d6c986caf1da1eda1c304,2017-10-16T01:41:52.000Z,0.001001,0x31a9fd86cbfabbb8be2c5bec68c634a26432df3c,sell,0xfec0cf7fe078a500abf15f1284958f22049c2c7e,0x11e09b93cb58d21bf81ae654a3830a83d92db87586e1ec74dca6ce7f19654932
254,8.099890339946167,0.012959824543913867,0xbcaa4309cf1ebdfed71d14aad5a64e51dd438e30,2017-10-16T00:11:42.000Z,0.0016,0x1568a166cd00f19005079a9a3167ad9db2328c00,buy,0xfec0cf7fe078a500abf15f1284958f22049c2c7e,0x7abea975b871ab9e9dde63e5a8e857c0219e1e8872d51acf5e150cdd468011e6
255,60.62092002740504,0.06068154094743245,0x8a9bcdc68d19e111663d6c986caf1da1eda1c304,2017-10-15T21:47:20.000Z,0.001001,0xa230216727b64a4d469811e50922bb3e10c4fc70,sell,0xfec0cf7fe078a500abf15f1284958f22049c2c7e,0x16a01b41ae3a7bd12d0b872471f17f2227973de979c5e464f56028f678362dec
256,300,0.30063,0x2e26035b04213530deeea6a3874d0f4143bce939,2017-10-15T21:35:31.000Z,0.0010021,0xa230216727b64a4d469811e50922bb3e10c4fc70,sell,0xfec0cf7fe078a500abf15f1284958f22049c2c7e,0x7c5caf213251ea8e7987b53093d33631b737de8f2505f33c4f8a6c3900608900
257,16.50165017,0.0166666666717,0x5d5065b42bdee0274e394ba9042c21e1818c69cf,2017-10-15T21:33:45.000Z,0.00101,0xa230216727b64a4d469811e50922bb3e10c4fc70,sell,0xfec0cf7fe078a500abf15f1284958f22049c2c7e,0xca8aff9013f044a672e057d112c4a998879f1b913d3a95679b226135c991ee5c
258,100,0.102,0x2e26035b04213530deeea6a3874d0f4143bce939,2017-10-15T21:33:15.000Z,0.00102,0xa230216727b64a4d469811e50922bb3e10c4fc70,sell,0xfec0cf7fe078a500abf15f1284958f22049c2c7e,0x8ac7344a1eebe780003eaa739f917d9de49c87911c7edafb07dab5229a05c178
259,320,0.3264,0xd0e5d5fad5138f6d4f03362b3832e8f9bf19bd98,2017-10-15T21:31:23.000Z,0.00102,0xa230216727b64a4d469811e50922bb3e10c4fc70,sell,0xfec0cf7fe078a500abf15f1284958f22049c2c7e,0x77bfc832446ad0a2347567c7d69d126d4c047f935230038f7d2b9ef110a186dc
260,160,0.1648,0x2e26035b04213530deeea6a3874d0f4143bce939,2017-10-15T21:30:32.000Z,0.00103,0xa230216727b64a4d469811e50922bb3e10c4fc70,sell,0xfec0cf7fe078a500abf15f1284958f22049c2c7e,0xc7742e06f195ebd792b82f9545587adc0088534c0dbf24522bfbf28141175993
261,440,0.4532,0x2e26035b04213530deeea6a3874d0f4143bce939,2017-10-15T18:01:22.000Z,0.00103,0xa1ca4df2b64d39ca2b17fa3b1605dcd632792bd7,sell,0xfec0cf7fe078a500abf15f1284958f22049c2c7e,0x995c5a0eb7faee53b7f5e81d61a1b2781fba6bd0ecc2aee37cee4035f1be722e
262,607.7160801515303,0.6089315123118333,0xbeb1fd865feea5006c74bcb615ebb00f1a05d469,2017-10-15T11:59:57.000Z,0.001002,0x8820e61430bc3717e100b48a98e6750dac1411c6,sell,0xfec0cf7fe078a500abf15f1284958f22049c2c7e,0xf496fe123567deb428aac51250964eee31eefa0b2b5e7f91b2b852e10816dd0f
263,100,0.2,0xba328b6dafc2feb14a8ebd760c1ee1654f94e2dc,2017-10-15T06:51:09.000Z,0.002,0xc13d48a6c86a994f85038e96a7fea0aeb27d6f4d,sell,0xfec0cf7fe078a500abf15f1284958f22049c2c7e,0x9413c354275df93cb1d8097ea8bbc164cc93c5909cf4eb185e935ec8895a4ca5
